2867 4667
362 271 379 298 ,
1064 247 1161 270 ·--
1302 215 1456 286 '200
1602 195 1703 268 -’

254 399 259 407 ’
346 427 519 472 men
552 425 700 470 non
730 357 1065 470 anari‘se
1116 401 1499 468 credebant
1543 400 1704 468 sibi.
1773 402 2012 488 Super·
2035 404 2226 470 haee
2275 426 2483 492 pre-:¹

350 506 485 572 cati
538 525 816 582 sumus,
865 515 955 568 ut
1004 501 1134 568 sic
1186 515 1268 566 te
1317 514 1722 567 amarent
1773 501 1960 581 dii,
2015 502 2435 586 quemad·

350 605 705 668 modum
759 615 847 666 tu
882 611 1081 669 nous
1152 583 1354 690 Quis
1410 601 1546 669 hoc
1590 613 1705 664 aut
1763 601 1852 663 de
1905 621 2032 681 se,
2086 615 2203 666 aut
2238 601 2443 666 Prin-

348 702 493 786 cipi
532 701 801 764 diceret
834 698 1291 764 mediocriter
1328 696 1638 767 amanti?
1671 695 1805 761 Pro
1835 685 2096 764 nobis
2076 701 2240 783 ipsis
2279 700 2444 785 qui-

354 800 515 864 dem
565 801 738 864 haec
778 781 916 862 fuit
966 819 1231 862 summa
1285 813 1642 900 vvorum,
1692 810 1792 860 ut
1838 818 2000 862 nos
2052 797 2181 862 sic
2221 821 2444 864 ama..

350 910 553 962 rent
612 877 743 959 dii
789 941 809 973 ‚
880 896 1349 982 quomodo
1400 908 1517 961 tu.
1617 897 1829 962 Estne
1895 917 2172 976 verum,
2242 899 2483 984 quod'-

352 997 543 1059 inter
575 997 698 1059 ista
733 993 1217 1062 clamavimus·
1270 997 1331 1058 Ο
1369 1013 1528 1057 nos
1583 993 1755 1059 feli
1780 999 1973 1060 ces?
2027 995 2216 1072 Quis]
2251 996 2441 1069 enim

353 1087 637 1157 felicius
700 1094 947 1173 nobis,
1004 1093 1277 1178 ‘quibus
1343 1114 1489 1155 non
1553 1093 1696 1171 jam
1773 1093 1971 1180 illud·
2046 1096 2429 1179 optandum

353 1197 499 1267 est,
550 1203 626 1254 ut
675 1214 799 1256 nos
854 1194 1099 1279 diligat
1148 1191 1527 1274 Princeps,
1578 1191 1704 1255 sed
1772 1193 1913 1270 dii,
1989 1193 2442 1274 quemadmo-

352 1291 523 1352 dum
574 1287 955 1376 Princeps?
1008 1292 1255 1355 Civitas
1308 1287 1774 1402 religionibus
1827 1291 2087 1368 dedita,
2139 1311 2446 1376 semper-

354 1409 495 1470 que
548 1388 843 1454 deorum
892 1388 1411 1476 indulgentiam
1461 1385 1577 1468 pie
1628 1389 1873 1452 merita
1912 1434 1931 1466 ,
1983 1389 2196 1452 nihil
2211 1390 2444 1454 felici·

352 1487 478 1548 tati
526 1508 689 1550 suae
740 1501 959 1592 putat
996 1487 1259 1554 adstrui
1307 1503 1555 1592 posse,
1606 1487 1769 1552 nisi
1797 1502 1872 1552 ut
1924 1487 2026 1552 dii
2078 1483 2440 1553 Caesarem

326 1586 744 1650 imitentur.

1199 1783 1250 1848 C
1271 1807 1390 1869 ap.
1437 1783 1565 1868 75.

483 1955 489 1964 ⁴
554 1975 687 2052 Sed
732 1965 937 2061 ¹quid
992 1978 1267 2064 singula
1341 1994 1708 2044 censector
1760 1991 1827 2042 et
1878 1976 2451 2064 colligo‘2‘quasi
2487 2027 2502 2039 ‚

325 2087 523 2138 ‘vero
566 2089 681 2138 aut
732 2074 1073 2138 oratione
1102 2077 1519 2161 complecti,
1572 2090 1690 2158 aut
1731 2078 2068 2143 memoria
2107 2075 2447 2161 consequi

358 2174 655 2260 possim,
724 2195 903 2257 quae
955 2195 1068 2237 vos
1101 2218 1120 2252 ,
1171 2169 1244 2236 P.
1300 2173 1379 2247 C.
1428 2197 1713 2260 nequa
1763 2168 2217 2260 interciperet
2270 2175 2453 2238 obli·
2526 2257 2534 2262 ¹
2619 2224 2632 2228 -

359 2275 507 2350 vio,
561 2285 629 2336 et
680 2271 754 2334 in
822 2272 1107 2356 publiea
1188 2285 1335 2338 acta
1404 2274 1745 2340 mittenda
1801 2287 1872 2336 et
1941 2274 2319 2336 incidenda
2371 2278 2448 2336 in

362 2391 523 2438 aere
576 2367 937 2434 censuistis
961 2377 991 2432 ‘2’
1026 2377 1247 2447 Ante,
1285 2377 1632 2462 orationes
1682 2369 2094 2457 Principum
2124 2385 2451 2450 tantum,
2491 2381 2509 2406 ’“

258 2532 265 2543 ,
360 2471 707 2548 ejusmodi
762 2489 1021 2555 genere
1056 2469 1650 2536 monimentorum
1688 2471 2005 2535 mandari
2057 2471 2452 2548 aeternitati

362 2569 733 2650 solebant.
806 2568 1345 2633 adclamationes
1396 2571 1689 2655 quidem
1741 2584 2014 2643 nostrae
2065 2562 2447 2654 parietibus

340 2665 593 2752 ¹curiae
670 2665 1202 2740 claudebantur
1301 2667 1515 2734 Erant
1567 2668 1800 2740 enim,
1853 2668 2108 2750 quibus
2159 2689 2292 2732 nec
2343 2688 2446 2732 se·
2503 2743 2512 2754 Δ

363 2776 562 2826 natus
616 2751 897 2866 gloriari
931 2805 953 2834 ,
1016 2782 1150 2828 nec
1216 2751 1570 2854 Princeps
1612 2779 1930 2850 possent:
1983 2760 2101 2830 has
2156 2787 2318 2830 vero
2376 2780 2447 2828 et

362 2861 439 2923 in
502 2859 755 2946 vulgus
824 2860 1012 2924 exire
1078 2879 1141 2928 1.
1183 2906 1204 2941 ,
1258 2876 1327 2926 et
1388 2863 1712 2951 posteris
1749 2863 2008 2954 prodi,
2075 2885 2295 2948 quum
2362 2885 2445 2927 ex

366 2957 713 3037 utilitate,
766 2969 911 3020 tum
954 2980 1048 3022 ex
1087 2961 1440 3050 ¹dignitate
1479 2959 1766 3048 publica
1819 2960 1977 3025 fuit.
2081 2954 2390 3026 Primum
2428 3007 2447 3040 ,

364 3071 442 3119 ut
496 3054 719 3133 orbis
774 3069 1113 3121 terrarum
1170 3061 1448 3142 pietatis
1502 3073 1788 3124 nostrae
1846 3055 2298 3124 adhiberetur
2349 3075 2447 3122 te-

362 3155 479 3223 stis
512 3169 579 3217 et
632 3157 987 3229 conscius:
1028 3155 1336 3250 deinde,
1390 3173 1468 3224 ut
1515 3157 1982 3225 manifestum·
2019 3171 2194 3226 esset
2235 3155 2446 3224 aude·
