2867 4667
1139 306 1296 343 .·--
1429 268 1539 345 '50
1686 306 1780 324 --

437 469 824 544 auderent,
877 476 946 527 et
995 450 1348 525 audebant
1410 463 1591 540 janu
1642 478 1860 544 quum
1908 468 2261 543 spectator.
2296 455 2535 525 mode·

426 549 762 649 'ratorque
819 562 1219 631 ineuntium
1273 558 1653 622 certamina
1707 559 2013 621 virorum
2092 574 2280 622 arma
2346 578 2535 622 com·

431 682 775 753 poneres,
834 662 996 724 tela·
1011 673 1356 735 tentat-,es
1409 678 1489 720 ac
1530 654 1589 721 si
1620 652 1797 737 quid
1854 655 2103 719 durius
2160 654 2541 743 accipienti

434 763 846 849 videretur,
890 761 1045 843 ipsa
1099 754 1456 821 vibrares?
1523 754 1712 831 Quid
1756 776 1977 838 quum
2024 754 2343 819 solatium
2398 756 2538 819 fes·

347 896 350 901 ·
435 862 559 940 sis,
616 856 850 945 aegris
884 878 1093 969 opem
1146 854 1421 921 ferres?
1488 846 1648 915 Non
1702 852 1834 915 tibi
1875 852 2087 917 moris
2163 865 2280 919 tua
2348 853 2531 917 inire

435 956 778 1034 tentoria,
830 954 968 1017 nisi
1011 952 1572 1043 commilitonum
1615 957 1773 1016 ante
1810 950 2202 1030 lustrasseS,
2251 972 2388 1015 nec
2424 972 2534 1013 re-

435 1056 680 1143 quiem
718 1052 1020 1137 corpori,
1073 1051 1205 1115 nisi
1259 1065 1413 1139 post
1466 1068 1707 1111 omnes
1746 1048 1961 1113 dare.>
2037 1050 2182 1116 Hac
2218 1048 2393 1113 mihi
2412 1049 2533 1113 ad-

436 1154 809 1219 miratione
861 1150 1114 1237 dignus
1163 1148 1543 1231 Imperator
1598 1166 1746 1208 non
1798 1148 2193 1228 videretur,
2242 1150 2303 1213 si
2348 1150 2535 1211 inter

436 1238 832 1324 Fabricios,
905 1259 974 1309 et
1057 1246 1463 1330 Scipiones,
1518 1255 1586 1309 et
1682 1241 2009 1311 Camillos
2101 1246 2259 1312 talis
2329 1259 2527 1313 esset.

437 1350 646 1414 Tunc
698 1346 887 1407 enirn
931 1336 1137 1407 illum
1189 1343 1593 1407 imitationis
1632 1339 1877 1421 ardor,
1928 1346 2348 1430 semperque
2388 1364 2551 1408 mee

441 1448 581 1517 lior
634 1442 928 1525 aliquis,
1002 1441 1443 1507 accenderet.
1544 1436 1917 1524 Postquam
1972 1464 2135 1507 vero
2224 1442 2537 1507 studium

441 1562 795 1617 armorum
894 1560 928 1602 a
1022 1538 1346 1603 manibus
1431 1538 1537 1603 ad
1628 1538 1897 1611 oculos
1920 1582 1941 1616 ,
2028 1540 2114 1603 ad
2222 1542 2537 1625 volupta-

443 1659 587 1707 tem
680 1662 717 1703 a
797 1635 1038 1701 labore
1113 1637 1521 1701 translatum
1581 1650 1727 1717 cst,
1780 1653 2145 1723 postquam
2206 1639 2536 1705 exercita-

429 1736 755 1807 tionibus
797 1734 1051 1800 nostris
1101 1754 1248 1799 non
1279 1748 1765 1799 veteranorum
1789 1736 2087 1823 aliquis,
2135 1735 2249 1803 cui
2290 1738 2534 1829 decus,

445 1834 733 1905 muralis
772 1845 888 1897 aut
925 1831 1182 1910 civica,
1232 1832 1359 1898 sed
1411 1832 1796 1899 Graeculus
1836 1833 2165 1923 magister
2234 1836 2535 1916 adsistit,

449 1955 661 2021 quam
703 1922 770 2000 3..
823 1952 1150 2017 magnum
1196 1946 1292 1995 est
1335 1953 1557 1994 unum
1596 1951 1676 1993 ex
1716 1932 2039 1999 omnibus
2060 1934 2285 2019 patrio
2316 1955 2542 2017 more,
2633 1933 2637 1937 ’

449 2025 672 2121 patria
713 2029 966 2093 virtute
1006 2028 1275 2107 laetari,
1329 2043 1395 2091 et
1433 2028 1587 2093 sine
1628 2030 1935 2110 aeniulo,
1988 2052 2067 2098 ac
2111 2031 2267 2097 sine
2310 2052 2541 2096 exem·
2570 2022 2585 2037 ’

447 2131 574 2218 plo
621 2148 857 2193 secum
893 2140 1196 2204 certare,
1248 2146 1488 2193 secum
1537 2128 2007 2207 contendere,
2064 2150 2139 2193 ac
2191 2130 2370 2196 sicut
2404 2128 2531 2191 im·-

395 2292 406 2307 ,
455 2238 654 2315 perat
701 2224 934 2303 solus,
979 2223 1210 2297 solum
1249 2224 1354 2287 ita
1410 2242 1599 2301 esse,
1655 2222 1779 2307 qui
1817 2224 2070 2291 debeat
2103 2227 2481 2320 imperare!

1231 2417 1492 2503 ·Cap.
1580 2424 1693 2497 1⁴·
1770 2460 1781 2473 ·
1858 2504 1861 2511 Ι

655 2614 905 2699 Nonne
942 2614 1369 2681 incunabula
1424 2618 1597 2679 haec
1646 2613 1821 2692 tibi,
1872 2614 2119 2683 Cacsar
2148 2662 2167 2697 ‚
2206 2630 2292 2702 ¹et
2353 2616 2588 2697 rudi-.

464 2727 736 2791 menta,
789 2736 1006 2797 quum
1055 2717 1237 2796 puer
1303 2714 1689 2794 admodum
1748 2709 2061 2791 Parthica
2140 2716 2337 2779 lauro
2393 2716 2540 2802 glo-

472 2814 646 2877 riam
677 2812 889 2895 patris
931 2831 1261 2895 augeres,
1315 2832 1721 2893 nomenque
1774 2811 2170 2877 Germanici
2217 2816 2358 2893 jam
2393 2827 2547 2879 tum

471 2928 864 2987 mererere,
917 2927 1134 2990 quum
1187 2909 1526 2971 ferociam
1564 2904 2103 2991 superbiamque
2140 2909 2551 2975 Parthorum

479 3028 562 3071 ex
617 3006 933 3097 proximo
984 3005 1254 3067 auditus
1299 3024 1551 3091 magno
1602 3018 1866 3069 terrore
1911 3008 2313 3085 cohibereS,
2364 3008 2548 3074 Rhe·

477 3096 793 3189 numque
833 3119 898 3167 et
955 3102 1372 3189 Euphratem
1417 3090 1907 3165 admirationis
1945 3116 2102 3169 tuae
2150 3105 2331 3170 fama
2382 3126 2548 3171 con·

478 3208 894 3291 jungeres?
905 3194 1124 3284 ’quum
1165 3201 1404 3263 orbem
1456 3212 1793 3264 terrarum
1846 3222 1989 3263 non
2040 3203 2337 3289 pedibus
2408 3226 2553 3268 ma·

484 3301 588 3388 gis
659 3320 869 3383 quam
919 3297 1247 3379 laudibus
1319 3318 1762 3383 peragrares,
1836 3300 2017 3382 apud
2094 3321 2210 3365 eos
2272 3322 2553 3387 semper

487 3400 706 3478 major
738 3412 810 3475 et
842 3386 1118 3478 clarior,
1172 3396 1426 3483 quibus
1477 3414 1711 3483 postea
1744 3398 2197 3491 contigisses?
2284 3398 2375 3462 'Et
2414 3420 2553 3463 nec
