2867 4667
1170 330 1291 357 ..-
1372 290 1594 381 ἐτη,
1721 336 1816 355 ...-

388 476 714 581 scalere
742 532 759 567 ,
790 512 802 524 ·
834 501 903 551 et
972 486 1250 571 copiam
1296 486 1552 565 iudicii
1581 486 1711 552 ‘sui
1759 486 2192 573 reipublicae
2246 486 2482 553 facere
2515 530 2542 567 ,

455 582 683 655 'tutur'n
736 586 891 650 fuit.
996 586 1309 665 Consulti
1362 606 1642 665 omnes»,
1694 598 1903 671 atque
1959 586 2546 666 etiam-*dinumess

454 691 587 755 rati
636 706 908 762 sumus,
959 685 1268 767 vicitque
1305 686 1650 752 sententia
1701 708 1844 750 non
1894 686 2201 767 prima,
2190 684 2352 747 sed
2393 706 2544 749 me-

449 786 655 859 lior„
712 786 803 847 At
854 782 1027 897 ‘quis
1080 796 1281 848 antea
1332 784 1535 868 loqui
1567 827 1588 865 ,
1645 784 1798 867 quis
1849 780 2121 849 hiscere
2173 781 2540 867 audebat,

373 902 377 907 ·
428 895 731 969 praeter
779 881 1067 947 miseros
1122 881 1283 946 illos
1322 927 1341 961 ,
1414 882 1536 967 qui
1590 882 1801 967 primi
1849 872 2454 969 intefrogabantur
2510 834 2544 942 ἰζ

454 983 667 1046 ceteri
704 980 994 1065 quidem
1046 981 1283 1045 defixi
1307 993 1375 1044 et
1425 980 1704 1045 attoniti
1756 980 1974 1066 ipsam
2025 977 2222 1043 illam
2277 994 2546 1041 mutam

456 1104 538 1145 ac
589 1078 1052 1144 sedentariam
1107 1062 1544 1143 adsentiendi
1593 1080 2124 1156 necessitatem,
2161 1096 2326 1165 quo
2379 1098 2542 1139 cum

365 1236 369 1241 .
451 1179 699 1244 dolore
730 1176 1000 1259 animi,
1055 1196 1195 1261 quo
1234 1200 1395 1241 cum
1442 1176 1654 1243 totius
1691 1178 2006 1261 corporis
2053 1177 2346 1239 horrore
2387 1194 2544 1258 per·

448 1274 947 1363 petiebantur?
999 1278 1195 1340 Un'us
1248 1277 1582 1359 solu‘sque
1638 1275 1964 1341 censebat
2019 1288 2080 1349 3.
2118 1317 2137 1350 ,
2189 1272 2386 1355 quod
2435 1292 2538 1335 se·
2613 1308 2623 1319 ·

454 1387 841 1461 querentur
890 1384 1129 1437 omnes
1174 1418 1195 1447 ,
1272 1387 1341 1437 et
1391 1394 1633 1439 omnes
1684 1372 2206 1457 improbarent,
2256 1371 2334 1433 in
2403 1369 2541 1455 pri-

446 1474 581 1538 mis
631 1471 781 1555 ipse
829 1515 848 1548 ,
900 1471 1043 1557 qui
1094 1486 1461 1537 censuerat
1497 1498 1517 1533 ε
1569 1473 1746 1538 adeo
1800 1470 1996 1537 nulla
2045 1470 2287 1559 magis·
2317 1467 2596 1531 omni-z

446 1572 579 1637 bus
631 1570 1045 1654 displicent,
1088 1591 1534 1655 quam·quae
1585 1571 1689 1634 sic·
1719 1570 1934 1648 fiunt,
1985 1581 2339 1653 tamquam
2393 1588 2583 1629 om·-

447 1668 657 1733 nibus
726 1668 1075 1750 placeant,
1174 1668 1489 1733 Fortasse
1559 1669 1943 1752 imperator
2006 1667 2084 1729 in
2151 1663 2537 1729 senatu-ad

446 1765 912 1831 reverentiam
965 1768 1113 1844 ejus
1163 1765 1758 1855 componebatur:
1812 1777 2538 1853 ceterum'egressusl,
2611 1840 2622 1850 ἣ

394 1876 405 1886 “
450 1862 677 1931 statim
729 1882 801 1925 se
851 1862 1233 1947 recipiebat
1265 1863 1340 1927 in
1390 1860 1830 1949 Principem,
1885 1864 2259 1947 omniaque
2293 1856 2548 1931 cofisu-‚

443 1961 621 2026 laria
672 1960 905 2023 officia
975 1960 1295 2049 abigere,
1349 1962 1766 2053 negligere,
1839 1954 2290 2025 contemnere
2357 1958 2540 2021 sole-

445 2058 587 2125 bat.
664 2057 823 2120 ·llle
872 2080 1035 2121 vero
1086 2060 1181 2121 ita
1234 2060 1529 2138 consul,
1582 2073 1659 2123 ut
1711 2060 1767 2121 si
1821 2062 2090 2122 tantum
2139 2056 2382 2123 consul
2429 2056 2540 2117 fo-

444 2171 580 2235 ret,
630 2156 812 2218 nihil
861 2154 1046 2220 infra
1090 2176 1162 2221 se
1215 2155 1558 2239 putabat,
1611 2155 1749 2220 uisi
1805 2158 1996 2239 quod
2048 2158 2232 2222 infra
2287 2146 2540 2219 consu-4

436 2257 591 2320 -lem
662 2267 861 2318 esset.
964 2257 1067 2317 Ac
1133 2253 1440 2339 primum
1493 2254 1587 2317 ita
1641 2254 1848 2317 domo
1901 2253 2538 2344 progrediebatur,

446 2365 525 2417 ut
575 2352 785 2415 illum
852 2351 1093 2415 nullus
1167 2344 1531 2436 adparatus
1583 2352 2014 2441 arrogantiae
2071 2351 2482 2436 Principalis
2515 2394 2537 2425 ,

444 2450 685 2543 nullus
754 2470 1291 2532 praecursorum
1360 2456 1426 2526 4.
1503 2451 1848 2515 tumultus
1901 2452 2274 2524 detineret,
2383 2451 2530 2513 Una

447 2562 594 2613 erat
642 2547 720 2610 in
767 2547 1017 2611 limine
1069 2569 1298 2625 mora,
1376 2549 1772 2631 consultare
1847 2572 1999 2613 aves
2056 2568 2120 2633 5.
2197 2546 2536 2611 revereri·

430 2667 589 2731 ‚que
652 2645 1022 2723 numinum
1072 2645 1423 2709 monitus:
1480 2667 1687 2709 nemo
1759 2647 2337 2733 perturbabatur,
2409 2664 2533 2707 ne·

408 2764 560 2808 -mo
630 2743 1235 2807 submovebatur.-
1292 2741 1516 2809 Tanta
1568 2742 1943 2807 viatoribus
1999 2743 2196 2825 quies
2233 2786 2252 2819 ,
2307 2755 2536 2806 tantus

444 2837 1025 2925 pudor-fascibus
1080 2841 1185 2920 6.,
1234 2856 1313 2905 ut
1360 2843 1784 2925 plerumque
1835 2842 2066 2903 aliena
2118 2839 2316 2904 turba
2371 2838 2534 2903 sub·

432 2936 690 3003 =sistere
764 2950 833 2999 et
884 2939 1249 3000 consulem
1302 2952 1401 3011 et⁴
1441 2935 1840 3020 Principem
1908 2948 2246 3028 cogeret:
2315 2938 2532 3022 ipsius

451 3032 741 3119 quidem
808 3032 1126 3100 officium
1184 3054 1259 3117 7..
1307 3046 1450 3099 tam
1493 3032 1858 3136 modicum
1893 3054 1930 3116 ,·
1983 3050 2122 3102 tam
2189 3046 2540 3119 tempera·-⁸
