2867 4667
1067 328 1161 343 .-
1312 306 1449 374 955
1602 324 1700 347 ...-

535 492 601 545 2.
639 480 738 545 Et
785 477 1040 548 caelo
1077 476 1445 563 quidem
1490 496 1972 583 numquam
2016 480 2413 546 translatiti-

335 579 830 648 indicendum
859 578 1043 642 foret
1090 598 1197 641 ne
1249 579 1509 642 caelo
1533 566 1920 690 ’quidem
1969 597 2415 663 umquam

533 686 598 748 3.
655 697 1074 741 ominum
1097 674 1276 743 alu
1325 674 1637 739 omnia.

533 786 602 855 4
656 765 1070 843 amnibus
1127 768 1248 839 alii
1313 772 1757 837 omnibus.

535 880 600 946 5.
653 885 939 959 putet.
1007 870 1156 937 Cel.
1245 872 1499 961 Hoeg-
1474 870 1892 958 -Guldberg
1954 871 2182 979 legit.
2266 900 2415 961 pu.

342 990 594 1065 tent,
667 968 788 1035 alii
836 982 1130 1055 puteS.
2133 1025 2138 1031 ,

305 1060 314 1077 “
533 1072 697 1156 Cap.
752 1077 867 1139 33.
928 1085 988 1135 1.
1039 1069 1142 1131 in
1193 1064 1550 1141 edendo
1603 1087 1697 1130 sc.
1749 1067 1981 1140 ludos

535 1183 600 1236 2.
631 1189 916 1246 unce,
986 1188 1238 1244 uncuS,
1287 1168 1531 1230 bamus
1596 1164 1868 1229 ferreus
1940 1167 2420 1280 improborum

242 1292 244 1299 ·
336 1269 542 1359 gulae
591 1267 1029 1355 infigenduS,
1084 1288 1224 1351 quo
1273 1264 1391 1329 vel·
1436 1262 1537 1326 in
1560 1262 1839 1349 ignem,
1890 1268 2003 1329 vel
2055 1267 2129 1327 in
2166 1288 2420 1379 aquam

145 1443 156 1459 ι
228 1383 234 1389 ”
335 1370 451 1443 vel
500 1368 586 1462 ad
639 1366 852 1431 scalas
902 1361 1296 1428 trahuntur.
1355 1360 1498 1426 Cic.
1572 1358 1749 1428 Phil.
1813 1378 1875 1428 1.
1945 1384 2218 1445 „uncus
2287 1368 2417 1430 im·

333 1454 578 1553 pactus
629 1478 728 1529 est
777 1462 1097 1551 fugitivo.
1102 1466 1163 1503 “

539 1583 604 1633 2·
659 1585 896 1627 nunc
981 1558 1547 1625 mansuetud.
1617 1559 1797 1624 inc.
1824 1611 1851 1652 ,
1914 1528 2421 1629 mansuefactos

246 1713 251 1718 -
333 1661 586 1729 bestias
635 1662 712 1723 in
763 1660 1165 1745 spectaculo
1217 1655 1579 1725 adbibit-as.

537 1774 599 1838 3.
654 1780 823 1845 opes
849 1802 868 1837 ,
923 1778 1092 1844 quas
1137 1752 1703 1842 principesolim
1736 1755 2215 1839 occluserant,
2248 1758 2421 1824 Tra·

331 1862 538 1940 ianus
588 1878 750 1923 vero
800 1858 877 1921 in
905 1854 1166 1941 templa
1193 1900 1215 1935 ,
1265 1867 1343 1918 ut
1387 1850 1713 1937 publicos
1751 1856 2107 1921 thesauros
2158 1857 2421 1939 intulit,

533 1959 624 2033 4.,
654 1968 793 2019 ret
819 1968 1252 2035 ortasque
1294 1949 1743 2044 eervices:
1793 1952 1921 2015 sub
1958 1965 2190 2018 mento
2230 1956 2423 2021 cuim.
2498 2002 2508 2015 .

333 2076 580 2121 mucro
631 2051 852 2141 gladii
901 2062 1177 2119 erectus
1229 2062 1396 2127 erat,
1447 2058 1524 2111 ut
1571 2050 1680 2113 rei
1728 2048 2081 2136 visendam
2132 2055 2423 2139 praebe-

333 2166 490 2217 rent
555 2151 835 2216 faciem.
1674 2138 1693 2166 ⁸

541 2250 605 2319 5.
656 2248 1164 2327 noxiorum,
1235 2236 1360 2310 alii
1396 2244 2032 2323 innoxiorum,
2085 2246 2220 2311 sed
2260 2267 2446 2333 per·-

341 2367 585 2435 peram
612 2391 634 2425 ,
692 2360 882 2411 verte
940 2366 1023 2410 ex
1073 2343 1513 2459 praescripto
1574 2342 1801 2407 celeb.
1854 2344 1940 2409 H.
2009 2346 2088 2409 G.
2140 2366 2269 2435 per
2318 2348 2425 2411 lo·

347 2468 512 2513 cum
547 2442 872 2529 suplicii,
921 2440 1048 2508 ubi
1084 2443 1191 2508 rei
1235 2434 1465 2527 capite
1512 2442 1944 2529 plectuntur.

544 2540 728 2631 Cap.·
770 2548 992 2618 35.1
1042 2562 1136 2609 ca
1161 2551 1248 2606 ut
1272 2538 1424 2604 1bu
1451 2562 1507 2627 s,
1566 2540 1901 2623 scopuliS.

538 2660 608 2709 2.
695 2640 926 2705 inda
925 2636 1142 2728 gine
1223 2638 1314 2702 de
1397 2638 1861 2726 inquisitione
1943 2650 2351 2703 venatorum
2397 2684 2425 2718 ,

332 2738 625 2827 proprie
680 2753 778 2805 est
815 2738 1029 2805 series
1078 2736 1484 2832 plagarum,
1534 2737 1611 2799 in
1639 2758 1833 2800 varos
1874 2755 1998 2800 seu
2035 2737 2289 2803 furcas
2315 2760 2429 2803 ve-

341 2836 640 2903 natorias
691 2837 1212 2915 submonitum,
1261 2824 1644 2923 saltusque
1668 2828 2115 2923 cingentium
2137 2870 2233 2886 —
2271 2860 2431 2902 sen·

345 2958 508 3013 sus·
491 2979 512 3015 ‚
583 2947 884 3001 terrore
906 2934 1503 3001 severissimarum
1556 2932 1798 3023 legum
1852 2954 1892 2999 3
1944 2932 2429 3001 delationibus

284 3076 288 3081 ·
347 3032 686 3100 coercitos
743 3032 1261 3119 cohibitosque.

550 3142 616 3208 3.
663 3126 1096 3217 Ereptum
1136 3167 1232 3181 -—
1269 3130 1906 3199 ex-turbentur.
1973 3129 2274 3197 Videtur
2312 3154 2431 3198 res

346 3252 432 3295 eo
473 3228 764 3295 rediisse
813 3226 1252 3313 temporibus
1291 3230 1697 3316 principum
1742 3229 2125 3313 malorum,
2174 3243 2254 3293 ut
2306 3224 2455 3295 de(

342 3329 640 3403 latoreS,
679 3326 987 3392 frontem.
1032 3324 1320 3389 illorum
1352 3328 1670 3419 stigmate
1713 3326 1989 3390 urendo
2016 3370 2038 3404 ,
2086 3329 2431 3411 puniren⁴

345 3438 462 3489 tur
495 3469 517 3503 ,
567 3446 788 3509 quum
841 3422 1237 3488 calumniae
1294 3424 1878 3497 convincerentur
1919 3468 1939 3502 ,
1992 3446 2213 3507 quum
2262 3449 2433 3493 vero

344 3535 504 3609 post
556 3534 790 3607 notam
864 3521 1272 3606 impressam
1326 3534 1561 3587 tamen
1625 3542 1785 3586 cum
1852 3516 2298 3607 principibus·
2350 3526 2432 3593 in

348 3621 568 3709 gratia
637 3632 1058 3699 manerent,
1125 3640 1277 3689 eam
1331 3620 1553 3705 parvi·
1593 3620 1997 3705 pendebant
2066 3642 2364 3705 poenam
2400 3672 2427 3707 ,

345 3740 558 3803 quam
591 3716 758 3783 ideo
801 3719 1143 3801 Traianus
1175 3732 1331 3803 post
1379 3718 1621 3782 Titum
1673 3732 1741 3781 et
1783 3716 2073 3786 Nervam
2124 3723 2425 3791 maxime
2473 3776 2482 3786 .

350 3816 814 3925 exasperavit,
858 3817 953 3881 ita
989 3819 1146 3917 jure
1177 3815 1457 3881 talionis
1492 3810 1798 3881 damnati
1833 3832 2017 3882 sunt.

545 3926 611 3994 4.
667 3938 828 4001 per
865 3936 974 3999 qu
1000 3938 1124 3981 am
1172 3914 1332 4005 lege
1383 3937 1819 4001 perquam
1852 3961 1881 3999 ,
1924 3916 2331 3990 admodum.

543 4029 613 4090 5.
664 4014 1241 4105 dispensata,
1309 4014 1526 4084 diffisa
1580 4048 1671 4074 ..-
