2867 4667
1247 374 1345 397 -·.-
1506 358 1642 406 222
1790 372 1884 391 --

1285 526 1336 591 C
1355 535 1479 610 'ap-
1538 530 1655 601 84.

638 720 850 807 Soror
890 736 1125 791 autem
1173 737 1327 796 tua,
1365 736 1441 790 ut
1490 745 1564 789 se
1616 741 1925 791 sororem
1979 740 2130 785 esse
2178 721 2535 788 meminit?

448 834 524 885 ut
568 821 644 884 in
693 818 816 885 iua
870 837 986 886 tua
1036 822 1489 911 simplicitasg,
1541 837 1657 887 tua
1710 821 1992 898 veritaS,
2048 832 2205 886 tuus
2264 824 2531 887 candor

442 918 890 1007 agnoscitur?
941 934 1018 985 ut
1057 921 1116 986 si
1165 923 1322 1006 quis
1374 944 1530 987 eam
1565 924 1767 985 uxori
1815 934 1975 985 tuae
2028 918 2537 999 conferat‚'du-

441 1016 666 1082 bitare
719 1035 1047 1108 cogatur,
1100 1034 1334 1105 utrum
1391 1018 1481 1083 sit‘
1540 1020 1898 1086 efficacius
1942 1019 2024 1084 ad
2060 1032 2250 1081 recte
2294 1020 2529 1081 viven-

443 1115 653 1195 dum,
707 1115 891 1179 bene
946 1117 1274 1198 institui,
1345 1140 1436 1182 an
1502 1112 1811 1182 feliciter
1872 1117 2117 1183 nasci?
2180 1112 2379 1179 Nihil
2420 1132 2523 1183 est

437 1224 580 1277 tam
607 1222 913 1297 pronum
944 1218 1030 1280 ad
1079 1214 1500 1297 simultates,
1554 1238 1761 1301 quam
1835 1214 2243 1289 aemulati0‚
2294 1216 2369 1279 in
2425 1217 2525 1280 fe-

437 1310 648 1375 minis
698 1314 1146 1396 praesertim·
1177 1337 1252 1379 ea
1295 1336 1506 1399 porro
1548 1315 1843 1379 maxime
1882 1313 2192 1377 nascitur
2242 1336 2324 1377 ex
2362 1337 2529 1379 con·

437 1410 841 1488 junctione,
893 1412 1102 1478 alitur
1137 1414 1594 1499 aequalitate,
1646 1414 2030 1478 exardescit
2066 1412 2354 1489 invidia,
2407 1436 2526 1480 cu·

439 1511 550 1585 jus
600 1509 758 1573 finis
805 1523 907 1575 est
947 1496 1238 1575 odium.
1309 1512 1466 1595 Quo
1524 1512 1815 1596 quidem
1844 1505 2349 1577 'admirabilius
2389 1512 2529 1576 exi-

437 1606 861 1673 stimandum
911 1622 1050 1680 est,
1104 1608 1296 1693 quod
1332 1608 1751 1674 mulieribus
1804 1610 2126 1675 duabusf
2106 1630 2183 1672 m
2232 1630 2370 1677 una
2402 1611 2524 1680 do.-

437 1724 553 1765 mo
603 1705 900 1789 p‘arique
949 1706 1232 1771 fortuna
1298 1709 1579 1773 nullum
1634 1719 2029 1786 certamen,
2082 1709 2281 1789 nulla
2358 1732 2527 1775 con·

403 1802 661 1865 'tentio
724 1816 843 1868 est.
958 1802 1362 1891 Suspiciunt
1436 1806 1779 1887 invicem,
1839 1808 2143 1871 invicem
2220 1808 2522 1881 cedunt:

363 1936 373 1941 -
430 1922 805 2015 ¹quumque
860 1915 928 1964 te
981 1916 1276 1987 utraque
1338 1900 1750 1970 effusissime
1814 1904 2097 1994 diligat,
2164 1906 2344 1969 nihii
2396 1927 2519 1969 sua

435 2012 683 2083 putant
769 1998 1107 2064 interesse
1149 2046 1170 2079 ,
1242 2014 1475 2067 utram
1546 2015 1625 2065 tu
1684 2002 1903 2091 magis
1990 2004 2200 2094 aines.
2324 2002 2521 2071 Idem

437 2097 724 2190 utrique
775 2092 1251 2181 propositum,
1295 2100 1492 2165 idem
1543 2114 1749 2163 tenor
1805 2102 2017 2179 vitae3
2070 2102 2391 2185 nihilque
2435 2124 2520 2165 ex

437 2206 580 2277 quo
630 2194 922 2260 sentias
937 2196 1106 2262 duas
1163 2218 1337 2262 esse.
1438 2198 1580 2261 Te
1603 2199 1792 2263 enim
1829 2200 2126 2278 imitari,
2176 2213 2245 2273 te
2278 2200 2515 2265 subse·

435 2293 564 2377 qui
624 2292 928 2357 student.
1047 2294 1216 2359 Ideo
1272 2309 1573 2381 utraque
1636 2318 1863 2361 mores
1935 2299 2220 2363 eosdem
2262 2344 2281 2375 ,
2348 2298 2515 2383 quia

433 2397 733 2476 utraque
805 2404 959 2479 tuos
1011 2393 1267 2459 habet·
1327 2394 1499 2459 inde
1547 2397 2005 2486 moderatio,
2070 2396 2238 2461 inde
2304 2399 2515 2463 etiam

432 2503 777 2576 perpetua
827 2493 1184 2559 securitas.
1284 2488 1537 2578 Neque
1590 2494 1783 2561 enim
1818 2516 2174 2581 umquam
2231 2495 2517 2582 pericli-

436 2587 770 2667 tabuntur
819 2608 967 2655 esse
1015 2592 1358 2677 privatae,
1412 2612 1593 2677 quae
1644 2616 1785 2657 non
1830 2586 2193 2658 desierunt
2260 2610 2319 2659 1.
2376 2591 2517 2656 Oh-

433 2689 692 2755 1ulerat
721 2686 864 2762 iuis
915 2702 1192 2755 sena‘us
1229 2712 1623 2777 cognomen
1658 2694 2131 2784 Augustarum
2169 2708 2232 2755 2.
2261 2696 2280 2765 ,'
2321 2690 2521 2809 quq?

439 2777 758 2853 certatim
805 2785 1222 2871 deprecatae
1283 2802 1444 2853 sunt
1480 2836 1501 2867 ‚
1568 2790 1903 2871 quamdiu
1968 2786 2518 2869 adpellationem·

433 2879 655 2948 Patris
685 2880 954 2947 Patriae
1001 2897 1076 2949 tu
1123 2907 1555 2967 recusasses',
1620 2907 1744 2950 seu
1793 2886 1988 2969 quud
2043 2882 2202 2971 plus
2250 2904 2401 2951 esse
2442 2885 2519 2949 in

440 2998 528 3045 eo
575 2979 1028 3057 judicabant,
1078 2983 1138 3047 si
1181 3004 1354 3066 uxor
1411 2997 1479 3047 et
1532 3004 1728 3048 soror
1787 2996 1953 3073 tua,
2004 3002 2214 3070 quam
2264 2984 2323 3047 si
2369 2987 2513 3049 Au·

440 3092 681 3167 gustae
754 3078 1186 3150 dicerentur.
1281 3068 1417 3145 Sed
1448 3102 1936 3167 quaecumque
1974 3080 2123 3146 iltis
2155 3082 2331 3149 ratio
2370 3095 2515 3147 tan·

438 3191 579 3243 tam
612 3176 1024 3245 modestiam
1081 3178 1328 3259 suasit,
1362 3182 1497 3246 hoc
1536 3180 1751 3269 magis
1786 3180 2038 3269 dignae
2073 3192 2235 3247 sunt
2261 3226 2280 3259 ,
2332 3202 2551 3265 quac>

444 3278 526 3341 in
577 3276 824 3350 animis
875 3278 1126 3349 nos'tris
1169 3292 1248 3344 ct
1299 3278 1438 3347 sint
1496 3291 1563 3346 et
1627 3279 2019 3359 habeantur
2095 3282 2448 3369 Augustae
2490 3324 2514 3351 ,
2614 3352 2623 3367 ,
