2867 4667
1129 362 1285 431 ‘--
1438 336 1825 452 2⁴6⁸-

481 576 618 641 est,
684 561 880 627 Salus
927 556 1296 645 Principis.
1397 556 1547 623 Nec
1606 578 1766 623 vero
1816 578 1995 621 nova
2041 554 2170 620 tibi
2242 554 2549 645 injungi-

472 682 649 727 mus,
754 658 864 723 Tu
918 662 1109 723 enim
1159 663 1298 739 jam
1347 673 1518 724 tunc
1574 657 1779 721 illum
1818 658 1895 719 in
1938 659 2223 720 tutelam
2274 656 2551 739 recepi·

475 760 560 825 sti
583 805 602 838 ,
657 779 873 840 quum
923 757 1298 841 praedonis
1357 773 1416 822 ι.
1471 745 1847 819 avidissimi
1911 752 2233 817 faucibus
2281 754 2551 837 eripui·

473 859 581 923 sti.
682 852 931 938 Neque
995 854 1198 919 enim·
1220 856 1373 922 sine
1430 853 1687 917 auxilio
1745 868 1888 928 tuo,
1950 874 2173 937 quum
2226 852 2557 917 altissima

479 976 802 1039 quaeque
871 964 1322 1039 quaterentur
1351 998 1370 1029 ‚
1429 953 1543 1017 hic
1572 995 1591 1030 ‚
1648 953 1769 1037 qui
1826 951 2147 1013 omnibus
2212 940 2558 1015 excelsior

479 1058 659 1128 erat,
715 1053 1168 1115 inconcussus
1221 1051 1427 1115 stetit.
1528 1047 1949 1115 Praeteritus
2003 1061 2100 1113 est
2162 1069 2199 1112 a
2251 1049 2561 1133 pessimo

474 1148 805 1233 Principe
828 1194 846 1227 ,
901 1150 1024 1233 qui
1090 1148 1461 1233 praeteriri
1520 1148 1606 1212 ab
1672 1132 1935 1233 ofitimo
1994 1168 2136 1209 non
2210 1148 2442 1231 potuit
2488 1167 2555 1220 2.

474 1246 588 1311 Tu
632 1248 814 1311 clara
866 1248 1114 1325 iudicii
1151 1248 1254 1311 tui
1287 1247 1481 1335 signa
1518 1246 1806 1323 misisti,
1839 1268 2063 1329 quum
2112 1244 2561 1330 proficiscen-

419 1350 423 1354 '
475 1346 528 1407 ti
580 1346 664 1407 ad
710 1346 1096 1409 exercitum
1125 1358 1246 1410 tuo
1279 1346 1602 1422 nomine,
1666 1358 1787 1407 tuo
1829 1346 2099 1409 honore
2143 1342 2404 1407 cessisti
2445 1352 2510 1411 3.
2539 1366 2560 1403 z

476 1458 552 1505 tu
605 1463 773 1509 voce
809 1442 1245 1528 imperatoris
1269 1488 1290 1522 ,
1345 1442 1519 1527 quid
1569 1442 1859 1507 sentires
1888 1487 1907 1519 ,
1952 1442 2229 1505 locutus
2252 1483 2272 1513 ,
2331 1442 2559 1505 filium

473 1541 586 1603 illi
607 1590 634 1627 ‚
669 1541 872 1605 nobis
905 1555 1305 1627 parentem,
1339 1542 1472 1605 tibi
1518 1538 1927 1605 Pontificem
1974 1540 2357 1621 Maximum
2412 1542 2559 1605 ele-

475 1638 660 1723 gisti.
761 1638 916 1715 Quo
967 1640 1232 1717 majore
1281 1638 1534 1703 fiducia
1556 1690 1583 1727 ‚
1634 1638 1886 1704 iisdem
1920 1638 2063 1701 illis
2104 1639 2274 1702 votis
2294 1680 2323 1713 ο
2376 1660 2556 1723 quae

476 1736 628 1819 ipse
681 1758 809 1818 pro
857 1756 933 1801 se
990 1738 1387 1823 nuncupari
1444 1738 1640 1815 jubet
1659 1780 1679 1815 ,
1732 1760 1855 1801 oro
1907 1750 1977 1800 et
2010 1737 2337 1800 obtestor
2364 1782 2385 1813 ‚
2486 1736 2561 1800 si

395 1892 400 1907 ,
474 1828 711 1895 bene
765 1834 1480 1919 rempublicam,
1534 1836 1609 1899 si
1667 1857 1765 1899 ex
1826 1834 2248 1899 utilitate
2286 1834 2558 1897 omni-

445 1949 614 1993 ·um
668 1932 940 2017 regit,
987 1932 1371 2017 primum
1423 1957 1468 1997 u
1499 1948 1524 1995 t
1576 1928 1845 1997 illum
1884 1931 2371 2015 nepotibus
2409 1954 2555 1996 no·

475 2029 699 2092 stris
753 2052 785 2092 a
814 2051 850 2091 c
917 2032 1604 2115 pronepotibus
1663 2051 2016 2094 serves:
2070 2030 2404 2093 deinde
2459 2045 2555 2095 ut

477 2150 589 2209 qu
620 2129 1045 2211 andoque
1083 2139 1708 2192 successorem
1752 2127 1837 2190 ei
1876 2126 2260 2202 tribuas,
2290 2150 2553 2211 quem

475 2222 1070 2305 formaverit,
1135 2226 1725 2310 similemque
1780 2224 2127 2287 fecerit
2194 2226 2559 2310 adopta·

475 2336 615 2390 toz
687 2334 834 2385 aut
895 2324 965 2387 si
1017 2326 1076 2386 -h
1106 2345 1211 2388 oc
1261 2325 1471 2388 Fato
1524 2340 1951 2411 negatur,
2005 2322 2107 2383 in‘
2148 2324 2549 2389 consilio

423 2454 432 2464 ·
475 2421 594 2485 sis
647 2419 769 2481 eli
797 2422 1072 2507 genti,
1123 2431 1761 2507 monstresque
1814 2421 2240 2504 aliquem,
2292 2445 2555 2508 quem

477 2519 902 2603 adoptari
951 2521 1045 2611 in
1097 2519 1597 2605 Capitolio
1648 2519 2011 2583 deceat.

1317 2713 1515 2801 Cap.
1580 2715 1697 2812 9⁵.-

655 2904 882 2977 'Vobis
929 2910 1006 2977 P.
1080 2912 1157 2975 C.
1207 2923 1545 2995 quantum
1598 2908 1934 2987 debeam,
1985 2908 2297 2995 publicis
2350 2910 2557 2977 etiam

473 3007 922 3073 monimentis
1002 2997 1426 3072 continetur.
1545 3012 1683 3074 Vos
1756 3008 1928 3072 mihi
2017 3010 2090 3073 in
2193 3012 2555 3075 tribunatu

478 3108 732 3191 quietis
799 3123 884 3193 15,
935 3104 1013 3169 in
1051 3120 1368 3190 praetura
1405 3105 1788 3171 modestiae
1844 3126 1951 3176 2.=
1992 3130 2105 3171 vos
2155 3098 2407 3173 iu''istis
2448 3108 2555 3172 of·

471 3206 652 3271 ficiis
687 3205 934 3286 etiam,
987 3226 1166 3291 quae
1219 3222 1256 3265 e
1307 3203 1555 3268 studiis
1602 3204 1854 3268 nostris
1898 3205 2081 3270 circa
2117 3207 2415 3273 tuendos
2448 3229 2557 3270 so-

477 3303 619 3369 cios
671 3318 734 3378 3.
773 3303 1247 3383 injunxeratis,
1265 3302 1502 3365 cuncti
1540 3304 1969 3369 constantiae
1995 3304 2558 3388 antiquissimum

481 3412 544 3479 4.
585 3402 1060 3468 testimonium
1121 3400 1575 3487 perhibuistis
1604 3422 1626 3461 z
1674 3424 1791 3471 vos
1844 3405 2159 3490 proxime
2190 3402 2556 3468 'destinati-
