2867 4667
498 433 857 513 pei-atores
939 423 1359 494 destinatum
1430 427 1586 494 aliis
1663 429 1740 494 in
1812 450 1886 496 se
1942 423 2453 496 transferebant
2501 421 2585 494 't.

497 525 662 592 Fuit
710 528 955 606 etiam,
1008 525 1135 612 qui
1216 527 1295 590 in
1341 525 1776 612 principatus
1834 527 1942 593 sui
2023 528 2206 606 fine,
2259 525 2591 590 consula-

496 637 686 701 tum,
738 647 951 709 quem
1004 623 1296 690 dederat
1339 624 1532 710 ipse,
1580 647 1828 714 magna
1887 635 1970 690 et
2018 637 2214 727 parte
2263 627 2406 705 jam
2446 644 2592 712 ge-

498 735 683 788 stum
736 733 1188 807 extorqueret
1248 733 1325 786 et
1369 737 1648 808 raperet
1700 737 1766 788 2.
1867 722 2015 788 Hoc
2068 745 2234 812 ergo
2283 725 2588 802 honore,

492 841 713 906 quem
758 829 829 882 et
874 822 1297 904 incipientes
1363 819 1729 907 Principes
1807 836 1875 886 et
1941 821 2345 888 desinentes
2397 820 2584 888 adeo

462 921 1030 1003 'concupiscunt‚
1074 931 1159 983 ut
1182 919 1540 985 auferant:
1587 933 1706 999 tu,
1757 921 1980 984 o'tioso
2029 941 2114 986 ac
2149 916 2454 988 vacante·
2481 933 2584 998 3.,

474 1018 779 1102 privatis
819 1018 1113 1083 cessisti.·
1208 1018 1696 1092 Invidiosusne
1747 1032 2014 1103 4.‚erat
2067 1031 2188 1083 aut
2259 1019 2391 1083 tibi
2437 1032 2581 1082 ter-

488 1115 633 1190 tius
686 1117 1120 1196 consulatuS,
1170 1127 1293 1198 aut
1336 1113 1651 1203 Principi
1698 1117 2020 1201 primus?
2101 1114 2279 1202 Nam
2325 1135 2584 1182 secun-

496 1213 669 1280 dum
724 1215 1110 1298 Imperator
1186 1215 1524 1304 quidem,
1597 1215 1728 1279 sub
1799 1215 2224 1299 Imperatore
2301 1229 2574 1296 tamen,

493 1311 721 1376 inisti:
772 1313 1100 1399 nihilque
1143 1312 1474 1400 imputari
1528 1315 1608 1377 in
1676 1333 1762 1376 eo
1831 1303 1948 1400 vei'
1983 1310 2238 1378 honori
2288 1305 2576 1398 potest,

494 1412 610 1474 vel
655 1409 1027 1504 exemplo,
1077 1412 1213 1478 nisi
1264 1411 1728 1498 obsequium..
1811 1411 1915 1476 Ita‘
1989 1431 2193 1489 vero,
2245 1411 2579 1498 quaeci-

492 1508 662 1572 ‘vitas
698 1511 1122 1596 quinquieS,
1174 1521 1385 1594 atque
1424 1512 1635 1576 etiam
1684 1510 1904 1594 sexies
1935 1509 2260 1576 consules
2313 1509 2484 1574 vidit
2509 1511 2578 1580 5.

494 1627 642 1669 non
694 1607 893 1688 illos,
965 1608 1136 1696 qui,
1191 1609 1582 1693 exspirante
1649 1611 1790 1690 jam
1841 1609 2210 1686 libertate,
2257 1629 2386 1692 per
2439 1605 2582 1674 vim

494 1725 575 1766 ac
625 1704 1007 1772 tumultum
1076 1705 1530 1784 creabantur,
1600 1709 1728 1772 sed
1779 1705 2084 1790 quibus,
2137 1707 2452 1792 sepositis
2508 1706 2581 1775 6.

496 1813 567 1864 et
614 1801 1051 1883 absentibus,
1097 1804 1183 1868 ‘in
1232 1825 1393 1870 rura
1445 1827 1566 1870 sua
1609 1805 2008 1870 consulatus
2059 1805 2468 1870 ferebantur
2491 1827 2582 1886 7‚;

490 1898 568 1962 in
616 1900 747 1966 hac
792 1902 1072 1969 civitate
1126 1897 1413 1968 tertium
1447 1906 1892 1972 consulatum
1936 1902 2270 1990 Princeps
2301 1905 2580 1990 generis

384 2027 392 2032 ·
490 1999 823 2080 humani,
890 2017 969 2067 ut
1052 2023 1545 2090 praegravem,
1621 1997 1686 2072 82
1757 2004 2156 2068 recusasti?
2253 1996 2576 2067 Tantone

376 2113 383 2122 ·
491 2093 788 2182 Papiriis
840 2101 1047 2168 etiam
1094 2114 1163 2167 et
1203 2099 1552 2176 Quinctiis
1591 2118 1662 2186 9.
1699 2101 2126 2166 moderatior
2175 2102 2529 2190 Augustus
2553 2146 2574 2182 ,

482 2205 564 2258 -et
616 2185 907 2290 Caesar,
992 2214 1061 2266 et
1121 2197 1322 2264 Pater
1387 2199 1682 2276 Patriae.
1784 2203 1879 2264 At
1959 2200 2122 2288 illos
2168 2199 2574 2284 respublica

496 2290 763 2360 ciebat:
818 2297 1046 2381 quid?
1112 2311 1185 2386 te
1246 2319 1395 2362 non
1449 2300 1699 2365 eadem
1747 2285 2232 2384 'respublica‘a‘'
2264 2297 2422 2366 Non
2471 2318 2575 2362 se,-
2671 2358 2675 2366 .

490 2400 744 2458 natus?
793 2418 939 2468 non
975 2396 1375 2474 consulatus
1428 2397 1623 2480 ipse,
1675 2398 1802 2484 qui
1854 2395 1990 2462 sibi
2071 2393 2211 2462 tuis
2261 2395 2572 2488 humeris

484 2489 722 2566 ,attolli
760 2505 828 2560 ct
867 2509 1245 2588 augescere
1295 2495 1616 2562 videtur?
2526 2491 2554 2529 ·’
