2867 4667
1197 297 1298 381 4-
1446 334 1587 409 25⁸
1736 360 1837 387 ..-

449 523 532 587 ad
567 520 754 584 soree
801 512 1310 609 rejicerentur,
1341 510 1426 573 ad
1462 505 1729 600 gradus
1748 512 2151 588 inferiores,
2192 526 2313 587 ant
2344 536 2539 597 prorc

443 642 560 685 nus
619 617 864 679 limine
935 590 1507 675 submoverentui
1548 628 1569 667 ε
1630 611 2029 688 cujusmodi
2082 610 2532 678 contumeliis

443 720 687 782 nullus
732 712 1031 777 dabatur·
1077 711 1274 773 locus
1323 709 1404 770 in
1442 708 1703 791 palatio
1738 708 2055 789 'Traiani¹

529 842 538 849 ·
637 806 1228 899 Cap.l}9'.1.in
1277 807 1537 871 domo
1570 829 1721 871 sua
1754 808 2029 872 nundus
2067 828 2349 871 suorum
2398 830 2529 892 pe·-

439 915 910 981 ritusiseton.
967 904 1592 989 Domit.Cap.17.

479 1032 487 1041 ·
641 1027 709 1075 2..
771 1011 1238 1091 longeque
1297 1015 1461 1068 ete.
1506 1004 1683 1087 quid
1730 1004 1847 1069 illi
1886 1016 2057 1067 tune
2088 997 2365 1087 profuit
2408 1004 2527 1067 Di·

447 1110 732 1184 vinitaS,
781 1126 992 1190 quam
1039 1100 1530 1167 mentiebatur.
1576 1144 1611 1179 .

647 1212 715 1273 3.
784 1227 828 1265 n
853 1226 964 1265 on
986 1246 1004 1279 ‚
1077 1224 1124 1263 n
1149 1220 1256 1263 on
1279 1222 1382 1263 ne
1413 1244 1433 1277 ,
1502 1212 1575 1263 et
1636 1198 1737 1263 sie
1798 1194 2375 1284 interpretaberis
2442 1196 2533 1263 ad

445 1305 655 1369 verba
721 1323 904 1365 non
973 1300 1210 1362 enim
1277 1313 1487 1361 ante
1548 1296 1939 1360 medium
2021 1312 2155 1361 ete.
2184 1321 2203 1356 ε
2271 1298 2390 1358 ubi
2440 1322 2533 1371 το

439 1424 552 1467 no
581 1424 628 1465 n
669 1399 988 1487 negative
1021 1413 1088 1461 et
1137 1418 1279 1459 non
1307 1398 1795 1483 interrogative
1846 1397 2117 1473 dietum
2170 1407 2311 1457 est:
2362 1412 2529 1461 tene

439 1522 652 1585 porro
688 1542 710 1574 ‚
777 1497 1024 1560 ultima
1075 1498 1252 1559 haee
1302 1494 1511 1559 verba
1564 1492 1651 1557 ab
1704 1518 1749 1557 n
1780 1516 1895 1557 on
1958 1517 2073 1557 en
2102 1496 2250 1555 im·
2290 1514 2325 1553 a
2356 1516 2401 1553 n
2426 1510 2453 1557 t
2482 1516 2530 1559 e

439 1619 665 1679 usque
717 1598 801 1658 ad
859 1596 1467 1675 oc'eultutnqu
1494 1612 1533 1654 e
1600 1596 1689 1656 lu
1716 1608 1947 1656 ctum
1996 1589 2333 1667 refers,
2382 1616 2531 1655 mo·-

439 1716 551 1759 res
601 1680 988 1777 depingere
1043 1690 1412 1753 Domitiani
1438 1725 1494 1768 ,·
1528 1696 1695 1773 qui,
1761 1704 1999 1756 eontra
2048 1690 2525 1754 Romanorum

423 1783 1018 1859 'consuetudinem
1051 1832 1069 1862 ‚
1123 1788 1210 1850 ad
1261 1789 1641 1853 satietatem
1696 1790 2083 1873 prandebat
2110 1836 2131 1868 ‚
2182 1800 2259 1849 ut
2322 1810 2521 1871 spee-

435 1905 616 1975 tator
661 1901 926 1951 tantum
963 1906 1222 1949 coenae
1263 1898 1583 1971 tempore
1634 1888 1827 1953 inter
1874 1890 2191 1953 convivas
2230 1886 2519 1972 adesset·

637 1996 707 2061 4.
761 2009 796 2049 e
816 2010 858 2047 o
881 2008 924 2048 n
947 1985 1182 2047 victu
1205 2005 1235 2046 s
1287 2006 1420 2049 eas,
1476 1987 1761 2071 genitiv.

639 2082 808 2169 Cap.
861 2088 994 2151 50?
1022 2100 1081 2149 1.
1137 2103 1174 2143 e
1194 2104 1234 2144 x
1257 2096 1342 2145 tu
1365 2083 1457 2144 rb
1476 2105 1510 2144 a
1536 2098 1559 2144 t
1581 2083 1604 2143 i
1628 2104 1656 2147 s
1680 2127 1699 2161 ,
1752 2105 1793 2146 e
1825 2082 2367 2169 possessionibus
2404 2104 2521 2147 su·-

437 2170 498 2253 is
549 2182 823 2264 eiectis*
1169 2230 1177 2237 .

638 2300 704 2347 2.
731 2274 824 2344 'P
848 2292 930 2343 at
955 2273 1340 2343 timonio
1381 2303 1418 2356 ,·
1470 2278 1662 2363 quod
1723 2277 1937 2343 hodie
2008 2277 2309 2345 dicimus
2354 2279 2523 2343 'Do-

441 2405 512 2449 m
529 2378 608 2445 ai
629 2403 701 2443 n.

639 2484 708 2547 3.
757 2472 1053 2539 refert
1101 2473 1194 2537 in
1245 2474 1781 2561 imperium,
1760 2496 1777 2515 ·
1838 2471 1999 2537 usui
2048 2485 2117 2537 et
2164 2478 2524 2561 dispensa-⁶

437 2577 618 2645 tioni
667 2572 1100 2657 reipublicae
1152 2576 1402 2636 reddit

637 2683 700 2753 4.
755 2673 988 2757 Ergo
1068 2669 1150 2733 in
1205 2670 1439 2739 vesti
1440 2673 1607 2761 gia
1664 2703 1761 2723 --
1810 2690 2077 2757 pares
2138 2670 2517 2743 domini,

438 2776 652 2838 Sedes
701 2772 1046 2835 nobilium
1081 2790 1116 2832 a
1169 2768 1613 2854 Principibus
1648 2782 2015 2872 oocupatas
2045 2775 2181 2850 jam
2208 2815 2227 2847 ,
2254 2770 2519 2844 iuben-

438 2888 507 2935 te
563 2869 909 2943 Trajan0‚
955 2867 1255 2929 redeunt
1309 2870 1394 2929 ad
1433 2890 1881 2951 possessores·
1902 2860 2126 2949 aeque
2163 2867 2465 2935 nobileS.

639 2969 704 3033 5.
759 2983 788 3025 s
811 2988 852 3025 u
877 2960 921 3021 b
943 2964 1155 3026 urba
1179 2986 1226 3027 n
1249 2986 1293 3025 u
1320 2988 1382 3029 m
1410 3010 1429 3041 ,
1499 2966 1732 3027 villam
1784 2983 2003 3049 prope
2074 2965 2161 3029 ad
2236 2968 2513 3045 urbem.

447 3132 454 3143 ,
633 3062 798 3144 Cap
863 3064 972 3127 51.
1025 3074 1086 3125 ιι
1151 3076 1414 3145 pater
1465 3075 1673 3125 tuus
1704 3100 1725 3139 ‚
1764 3064 2027 3140 Nerva,
2070 3060 2191 3143 qui
2236 3081 2451 3129 vestes
2492 3104 2515 3139 ,

436 3186 588 3228 vasa
613 3206 636 3240 ‚
685 3160 1156 3241 supetlectilia
1195 3200 1216 3235 ‚
1277 3173 1346 3221 et
1385 3159 1517 3223 alia
1570 3162 1887 3239 luxuriae
1924 3176 1997 3224 et
2034 3159 2421 3223 mollitiei
2400 3184 2513 3223 m-

437 3274 853 3338 strumema,
895 3259 970 3318 in
1015 3257 1166 3318 aula
1211 3256 1531 3333 inventa,
1568 3256 2025 3324 vendiderat.
2345 3272 2355 3277 “

635 3368 700 3417 2.
761 3367 846 3416 tu
875 3355 1000 3417 tiu
1023 3376 1050 3417 s
1101 3376 1144 3435 q
1171 3376 1214 3414 n
1243 3358 1345 3417 od
1399 3378 1445 3439 p
1469 3379 1502 3417 a
1529 3368 1553 3417 t
1577 3380 1613 3418 e
1634 3382 1686 3419 r.
1788 3360 2165 3423 Destitutus
2214 3358 2512 3435 auctori-

433 3470 570 3522 tate
613 3454 932 3518 codicum
969 3451 1174 3515 verba
1213 3465 1479 3515 mutare
1512 3456 1695 3519 haud
1746 3480 1949 3522 ausus
1994 3480 2182 3531 sum,
2232 3454 2355 3519 sed
2388 3456 2511 3519 ad·

331 3634 338 3641 .
428 3536 506 3617 di
573 3553 778 3615 ‹vebet
839 3553 1238 3629 conjectura
1299 3548 1509 3633 Lipsii
1531 3601 1555 3635 ‚
1607 3557 1729 3636 qui
1786 3557 1965 3644 legi
1992 3557 2357 3638 proponit,
2409 3572 2433 3617 t
2450 3576 2507 3619 u

429 3654 668 3728 tuis,
723 3632 960 3731 quod
1009 3660 1320 3732 pater,
1359 3653 1672 3716 tututs
1706 3656 2021 3719 usibus
2074 3655 2316 3735 quod
2362 3673 2503 3736 pa-

421 3758 470 3814 ’
441 3764 590 3814 er
634 3750 880 3809 dedit
935 3747 1503 3810 subtraxisti.

625 3850 686 3912 3.
747 3865 1162 3908 auxen-as
1207 3881 1298 3895 --
1349 3864 1753 3923 jusseras
1804 3884 1903 3896 —
1948 3848 2217 3913 Plinius
2266 3843 2500 3909 innuit

413 3962 800 4007 numerum
841 3940 1356 4031 ingenuorum,
1407 3966 1581 4026 quos
1632 3942 2021 4023 liberaliter
2058 3948 2345 4009 alendos
2390 3966 2507 4007 su·

427 4059 738 4125 sce-perat
807 4036 1143 4117 Traianus
1193 4084 1212 4117 ,
1278 4057 1343 4102 et
1391 4064 1589 4125 spem
1646 4044 1955 4127 plurium
2010 4042 2081 4105 in
2148 4058 2504 4126 posterum

379 4148 393 4156 ’
427 4132 1090 4225 suseipiendorum‚·
1125 4158 1332 4220 quam
1387 4142 1587 4205 Circo
1643 4142 2041 4229 ampliando
2092 4142 2403 4207 dederat.
