2867 4667
939 351 946 379 ·’
1052 297 1697 435 -1257'2-2

566 520 1068 606 Cap.43.1.
1149 529 1674 606 numquam
1669 525 2113 612 scriptus
2179 565 2278 584 -ν
2347 538 2482 602 εἰσ,

370 615 642 705 [ipsius
720 631 787 680 et
853 617 963 684 ill.
1032 615 1135 678 H.-
1177 617 1276 680 G
1314 615 1563 707 legunt
1602 663 1622 698 ,
1693 620 1848 683 alii.
1917 647 2146 692 nunc
2203 634 2450 715 quia

365 721 804 802 scriptus
851 719 1180 801 herm,
1237 713 1424 812 alii?
1489 738 1696 808 nec,
1763 721 1977 802 quia
2039 729 2444 818 scriptus

359 820 635 880 heres
690 835 799 880 es.
887 825 889 828 ’

562 926 627 975 2.
682 911 1153 976 advocatis
1202 911 1391 974 testis
1447 926 1514 977 et
1563 925 1804 978 auctor
1858 915 2108 1004 citaris.
2159 962 2166 970 .

568 1017 641 1080 3.
646 1023 1034 1092 quotus
1113 1003 1516 1094 quisque
1569 1045 1666 1062 ‹—
1735 1018 1976 1108 quod
2026 1036 2265 1086 esset
2335 1024 2438 1089 de
2499 1021 2543 1096 ,’

357 1132 563 1186 suo,
610 1129 817 1190 quam
872 1106 1083 1192 pauci
1130 1106 1536 1219 Principum
1587 1126 1983 1197 nostrorum
2020 1116 2260 1198 fuere,
2317 1122 2441 1204 qui
2494 1123 2500 1131 ’

239 1235 245 1242 ·
352 1209 433 1271 id
510 1220 773 1270 tantum
861 1206 937 1268 in
998 1205 1436 1304 patrimoniis
1506 1211 1757 1276 nostris
1824 1233 2026 1277 suum
2111 1216 2374 1288 duxere
2413 1262 2436 1297 ‚

122 1376 139 1389 ⁸
188 1338 196 1344 ·
294 1363 300 1367 .
354 1305 546 1390 quod
582 1319 757 1369 esset
806 1303 895 1367 de
927 1325 1076 1367 suo.
1661 1363 1688 1382 χ

546 1400 719 1488 Gap·-
770 1408 883 1480 44·
935 1419 991 1470 1.
1036 1401 1193 1486 qui
1240 1367 1409 1466 mal
1437 1424 1555 1468 os
1575 1405 1964 1485 faciunt,
2013 1434 2314 1496 quorum
2345 1415 2432 1479 il·
2541 1431 2546 1441 ·

353 1499 655 1566 lecebris
693 1514 759 1564 et
792 1501 1193 1564 adulatione
1238 1498 1594 1587 Principes
1637 1505 1802 1572 mali
1824 1510 2302 1577 redduntur.
2459 1491 2468 1503 ⁹

551 1619 615 1664 α.
688 1598 1041 1688 privato
1094 1598 1454 1676 judicio
1514 1591 1910 1697 princip
1937 1629 2062 1695 em
2121 1603 2369 1696 geris
2405 1660 2425 1694 ,

356 1696 539 1784 geris
593 1709 661 1762 te
712 1695 1108 1786 Principem
1158 1695 1367 1778 talem
1389 1741 1407 1774 ‚
1469 1700 1746 1780 qualem
1807 1692 2106 1786 privatus
2153 1714 2438 1818 optasti

514 1807 607 1876 3.
650 1795 890 1877 quod
934 1815 1191 1859 nemo
1236 1795 1986 1866 incolumitatem
2016 1788 2424 1890 turpitu-

351 1892 438 1955 d
420 1913 448 1954 ι
466 1914 515 1952 ιι
532 1911 571 1954 e
638 1915 679 1958 r
701 1913 737 1954 e
756 1917 801 1983 p
823 1913 860 1955 e
885 1913 929 1954 ιι
950 1891 1029 1953 d
1012 1913 1034 1952 1
1055 1905 1084 1953 t
1117 1898 1137 1955 !
1185 1911 1390 1955 nemo
1449 1915 1638 1958 nunc
1689 1891 2007 1968 minister
2063 1908 2423 1988 nequitiae

348 1991 437 2052 sit
469 1979 780 2073 Principi
832 1989 922 2052 ob
955 1989 1027 2052 id
1054 2033 1073 2068 ,
1122 1989 1314 2078 quod
1351 1983 1721 2055 incolumis
1756 1998 2054 2068 servatus
2108 2015 2231 2074 est.

548 2095 611 2162 4.
656 2086 1051 2150 Prodest
1105 2088 1409 2162 bonos
1432 2109 1692 2166 esse,
1731 2113 1994 2182 quum
2030 2095 2142 2164 sit
2194 2102 2420 2166 satis

350 2165 948 2278 abundeque
934 2228 952 2261 ,
1004 2185 1075 2249 si
1127 2208 1173 2247 n
1200 2206 1307 2247 on
1356 2200 1664 2265 ·.,nocet
1715 2203 1956 2276 antea,
2009 2192 2136 2256 sub
2189 2197 2420 2262 Domi-

292 2321 296 2326 «
343 2281 532 2345 tiano
570 2295 639 2355 et
687 2283 838 2346 aliis
891 2269 1333 2368 Principibus
1363 2282 1522 2348 saus
1557 2277 1910 2368 superque
1948 2289 2118 2361 fuit,
2153 2295 2206 2355 si
2239 2296 2418 2360 inte-

342 2379 551 2466 gritas
609 2381 812 2446 vitae
848 2373 1123 2467 integro
1168 2381 1361 2444 haud
1412 2397 1740 2460 noceret,
1797 2407 1988 2449 nunc
2024 2412 2168 2454 non
2197 2395 2412 2460 modo.

344 2499 483 2540 uon
533 2493 775 2557 nocet,
816 2478 951 2542 sed
1012 2479 1317 2560 prodest.
1531 2489 1537 2498 '

536 2579 611 2646 5.
676 2575 1091 2662 praemia
1156 2565 1640 2639 bonorum.
1681 2607 1776 2626 --
1842 2586 2120 2648 malos
2131 2587 2424 2669 .faci-·

338 2695 384 2734 u
408 2669 455 2734 ιι
478 2683 539 2736 t·
522 2715 545 2755 ,
596 2675 655 2738 si
710 2686 1013 2746 constet,
1066 2693 1420 2758 quemque
1481 2695 1561 2736 ex
1603 2673 1795 2742 facto
1852 2702 2002 2744 suo
2035 2684 2174 2748 sive
2221 2685 2410 2753 bono

341 2771 477 2834 siva
552 2772 737 2838 malo
774 2815 794 2850 ,
861 2771 1162 2851 judicari
1182 2816 1201 2854 ,
1254 2791 1337 2834 eo
1384 2771 1536 2856 ipso
1592 2771 2069 2898 decernuntur
2115 2782 2298 2850 boni
2341 2798 2420 2854 et

208 2862 243 2970 ι’
334 2869 520 2933 mali.
572 2909 577 2915 -

531 2965 692 3052 Cap·
739 2969 850 3044 45
896 2984 957 3036 1.
1004 2929 1410 3032 Censura
1466 2976 1554 3029 et
1585 2965 1742 3036 Pra
1770 2974 2189 3045 effectura
2239 3002 2404 3046 ιιιο-

339 3087 430 3127 ru
450 3087 551 3134 ιιι
586 3063 674 3126 in
724 3087 807 3128 eo
887 3066 1303 3145 differebant
1370 3079 1448 3128 ut
1511 3063 1634 3131 ina
1703 3078 2112 3158 temporaria
2141 3119 2163 3153 ‚
2229 3079 2402 3145 haec

258 3188 262 3197 ·
333 3175 673 3260 perpetua
722 3162 961 3235 fuerit.

516 3273 597 3323 2.
651 3277 681 3320 s
704 3278 742 3321 e
762 3277 809 3340 q
829 3282 870 3323 u
896 3283 932 3326 a
955 3283 992 3325 c
1015 3281 1095 3324 es
1128 3265 1337 3343 proni
1388 3278 1456 3329 et
1499 3267 1753 3350 promti
1835 3231 1920 3330 ad
1955 3268 2397 3338 imitandum.-

490 3357 692 3442 ..Cap
749 3357 861 3433 46.
921 3381 981 3429 ι.
1033 3355 1341 3441 Respicit
1371 3359 1721 3428 Neronem
1759 3363 1880 3446 qui
1912 3366 2246 3448 plausum
2278 3390 2404 3460 po..

323 3455 483 3540 puli
531 3455 806 3518 inhians
825 3499 845 3533 ,
892 3454 1245 3520 histrionis
1295 3479 1492 3521 more
1531 3459 1607 3520 in
1657 3480 1933 3554 scenam
1970 3465 2260 3548 prodiit.

531 3554 698 3638 Cap.
737 3561 849 3634 47.
881 3569 969 3617 ·1.
1004 3574 1146 3618 vos
1188 3553 1310 3616 alii
1353 3557 1530 3617 hos.

526 3649 1342 3728 Contumeliarum
1403 3655 1758 3740 gradus
1850 3656 2159 3735 Quidam
2207 3661 2396 3772 prip.

2390 3527 2407 3554 Ι

335 3751 521 3836 cipes
565 3750 1060 3814 constituerant
1112 3751 1308 3840 quasi
1344 3763 1564 3816 certos
1605 3755 1854 3843 gradus
1906 3755 2285 3848 amicorum
2321 3775 2394 3828 et
2440 3791 2446 3796 ·
2491 3814 2496 3822 .
2594 3756 2601 3763 ’

335 3851 707 3932 clientum,
741 3869 913 3932 quos
948 3845 1429 3925 admitterent,
1484 3851 1608 3932 qui
1643 3873 1724 3914 ex
1762 3853 2032 3930 ordine,
2086 3877 2226 3940 quo
2267 3861 2397 3922 ad-

332 3947 832 4024 mittebantur,
907 3945 1078 4010 dicti
1143 3959 1301 4010 sunt
1362 3946 1569 4011 amici
1623 3949 1928 4032 primae,
1991 3957 2387 4034 secundae,
2439 4023 2443 4032 ,

332 4046 569 4110 tertiae
612 4043 1069 4112 admissionis.
1124 4042 1345 4106 Ηίιιο
1382 4043 1968 4112 contumeliosum
2019 4051 2102 4113 iis
2155 4053 2392 4116 videre

331 4151 644 4226 poterat,
694 4143 815 4226 qui
858 4165 893 4208 a
952 4141 1265 4228 superbis
1298 4136 1896 4212 admissionalibus
1947 4162 2015 4210 et
2062 4148 2394 4225 'ministr-iu

371 4245 517 4308 V.
584 4233 804 4330 Qut.
912 4303 915 4310 .
1066 4327 1073 4336 .
1731 4293 1734 4298 -
1890 4260 1971 4322 ι7

2263 4381 2314 4428 2:-
