2867 4667
1148 371 1245 392 ...-
1401 285 1598 419 με’
1685 373 1781 391 .-

1266 613 1465 700 Cap.
1535 627 1648 690 55.

586 830 720 899 lbit
776 830 856 896 in
914 826 1196 908 semla,
1247 827 1466 896 fuisse
1519 829 1960 919 Principem,
2013 839 2131 901 eui
2184 836 2466 904 florenti

405 948 477 1001 et
501 929 873 1002 ineolumi
919 947 1307 1014 numquam
1340 927 1480 994 nisi
1499 929 1768 996 modici
1807 933 2137 1014 honores,
2188 939 2472 1050 saepius
2558 923 2562 928 ’

390 1034 585 1100 nulli
635 1031 1209 1126 decernerentur.
1306 1022 1395 1091 Et
1433 1047 1602 1093 sane
1655 1031 1714 1094 si
1747 1025 2044 1098 velimus
2081 1055 2242 1100 eum
2276 1036 2470 1120 prio·

387 1153 553 1196 rum
630 1145 1030 1214 temporum
1092 1115 1504 1190 necessitate
1593 1139 1654 1191 ι.
1720 1143 2031 1211 certare,
2081 1130 2473 1197 vincemur

387 1226 835 1320 Ingeniosior
878 1239 981 1292 est
1032 1226 1222 1290 enim
1266 1225 1353 1288 ad
1386 1225 1926 1312 excogitandum
1969 1230 2318 1294 simulatio
2356 1248 2474 1294 ve-

385 1328 631 1395 ritate:
685 1322 975 1391 servitus
1004 1325 1371 1389 libertatez
1407 1327 1922 1391 metusamore.'
2016 1327 2235 1394 Simul
2255 1351 2479 1412 quum

389 1432 537 1510 jam
568 1424 850 1512 pridem
898 1423 1166 1488 novitas
1205 1421 1431 1488 omnis
1494 1422 1900 1490 adulatione
1949 1437 2308 1513 consumta
2347 1427 2478 1504 sit,

290 1539 301 1554 '
390 1549 543 1592 non
594 1524 773 1588 alius
824 1543 984 1610 erga
1059 1534 1127 1583 te
1174 1540 1395 1585 novus
1449 1521 1679 1586 honor
1745 1537 2095 1609 superest,
2149 1547 2358 1608 quam
2418 1526 2478 1588 si

394 1621 781 1707 aliquando
821 1621 912 1683 de
966 1633 1035 1685 te
1084 1634 1321 1687 tacere
1364 1622 1770 1688 audeamus.
1873 1627 2054 1710 Age,
2106 1625 2163 1686 si
2191 1621 2476 1705 quando

392 1720 618 1808 pietas
657 1733 890 1785 nostra
930 1718 1290 1786 silentium
1358 1719 1594 1804 rupit,
1647 1731 1717 1782 et
1757 1713 2255 1786 verecundiam·
2285 1733 2479 1784 tuam·

393 1819 599 1899 vicit,
650 1837 831 1904 quae
843 1817 1260 1922 ‘qualiaque
1323 1817 1763 1884 decernimus
1817 1833 1984 1897 nos,
2035 1836 2109 1883 tu
2164 1839 2308 1882 non
2369 1841 2479 1883 re·

400 1938 634 1995 cusas,
686 1927 767 1980 ut
815 1901 1179 2002 adpareat,
1228 1937 1375 1981 non
1409 1916 1738 2002 superbia
1779 1931 1847 1982 et
1887 1917 2172 1982 fastidio
2223 1933 2294 1981 te
2337 1941 2476 1984 am·

396 2015 747 2104 plissimos
791 2017 1095 2080 honores
1137 2000 1553 2099 repudiare,
1605 2017 1731 2099 qui
1795 2017 2102 2080 minores
2161 2039 2306 2080 non
2359 2015 2479 2078 de-

404 2113 743 2203 digneris.
767 2111 1135 2180 Pulchr-ius
1156 2114 1321 2198 hoc,
1344 2111 1618 2192 Caesar,
1643 2135 1852 2199 quam
1876 2117 1934 2178 si
1970 2135 2324 2180 recusares
2344 2136 2492 2178 om·

406 2235 576 2292 nes3
608 2232 767 2278 nam
786 2231 1111 2300 recusare
1132 2230 1374 2276 omnes
1395 2211 1796 2280 ambitionis
1817 2236 1836 2274 ε
1859 2214 2356 2280 moderationis
2391 2229 2494 2279 est

404 2313 673 2401 eligere
690 2309 1152 2396 parcissimos.
1177 2311 1332 2388 Quo
1353 2323 1930 2394 temperamento,
1951 2328 2019 2378 et
2047 2312 2252 2378 nobis
2272 2328 2338 2376 et
2379 2313 2494 2382 aee

401 2412 593 2476 tario
623 2409 968 2492 consulis:
1018 2407 1221 2473 nobis
1245 2408 1558 2491 quidem,
1580 2431 1755 2494 quos
1778 2411 1972 2475 omni
1993 2413 2246 2477 liberas
2267 2414 2489 2496 suspi-

406 2510 652 2588 eione5
704 2509 970 2574 aerario
1002 2522 1259 2585 autem,
1296 2527 1363 2575 2·
1398 2507 1594 2590 quod
1625 2509 1970 2578 sumtibus
2013 2512 2164 2589 ejus
2199 2509 2486 2574 adhibes

402 2608 735 2685 modum,
788 2620 857 2671 et
892 2605 1018 2691 qui
1073 2607 1482 2672 exhaustum
1517 2627 1666 2692 non
1705 2607 1796 2673 sis
1835 2607 2322 2674 innocentium
2357 2606 2481 2669 bo-

308 2755 317 2764 .
406 2706 519 2771 nis
565 2704 991 2789 repleturus.
1090 2702 1284 2769 Stant
1352 2704 1528 2792 igitu
1643 2705 1916 2793 effigies
1992 2719 2191 2783 tuae,
2245 2705 2493 2790 quales

414 2803 587 2867 olim
629 2801 721 2864 ob
762 2803 1042 2892 egregia
1092 2802 1171 2866 in
1207 2803 1506 2888 rempub
1541 2804 1718 2868 icam
1759 2805 2010 2868 merita
2060 2793 2346 2889 privatis
2383 2805 2488 2866 di-

413 2899 776 2968 cabantur.
875 2903 1217 2968 visuntur
1266 2903 1516 2966 eadem
1563 2921 1604 2964 e
1667 2902 1957 2967 materia
2008 2899 2312 2968 Caesaris
2361 2915 2496 2966 sta·
2599 2919 2604 2924 ·
2707 2986 2718 2993 .

413 3014 623 3076 tuae,
673 3017 810 3082 qua
866 2999 1281 3077 Brutorum,
1334 3017 1472 3092 qua
1529 2996 2014 3078 Camillorum,
2073 3013 2137 3076 3.
2191 3021 2326 3066 nee
2385 3001 2490 3062 di-

416 3109 689 3180 serepat
728 3098 1169 3164 eausa.1ni
1203 3097 1395 3162 enim
1444 3118 1646 3186 reges
1693 3099 2108 3184 hostemque
2156 3100 2496 3162 victorem

413 3194 791 3262 moenibus
850 3195 1315 3284 depulerunt.
1363 3195 1484 3260 hie
1516 3217 1826 3285 regnum
1860 3198 2116 3282 ipsum,
2168 3215 2499 3300 qpaeque

418 3295 556 3362 alia
602 3293 959 3380 eaptivitas
989 3295 1258 3401 gignit,
1311 3309 1517 3362 arcet
1549 3317 1628 3364 ac
1661 3295 2056 3378 submovet,
2105 3277 2498 3378 sedemque
