2867 4667
1154 359 1269 414 ···.
1405 328 1540 420 ¹9⁶
1687 354 1782 374 ...-

430 493 653 580 vimus
693 525 945 580 tamen.
1017 509 1156 590 Qui
1194 509 1446 576 amoris
1494 508 1930 598 ardor‘pqui
1964 509 2286 586 stimuli?
2338 529 2520 593 quae

432 614 621 692 faces
673 609 831 674 illas
882 608 1083 676 nobis
1156 607 1702 694 adclamationes
1765 607 2290 686 subiecerunt-⁴!
2355 606 2523 686 Non

428 710 691 794 nostri,
742 709 1025 786 Caesar,
1076 707 1385 796 ingenii,
1455 706 1579 770 sed
1631 713 1787 769 tuae
1855 706 2126 770 virtutis
2203 718 2522 770 tuorum·
2583 789 2594 797 ὁ

433 827 572 894 que
620 808 1029 884 meritorum
1078 826 1279 870 voces
1330 804 1662 881 fuerunt3
1717 823 1882 886 quas
1931 805 2130 870 nulla
2181 825 2520 890 umquam

431 904 738 974 adulatio
789 906 1092 982 invenit,
1146 903 1384 967 nullus
1443 907 1858 986 cujusquam
1894 916 2119 967 terror
2156 903 2520 988 expressit.

428 1005 656 1084 Quem
709 1003 807 1068 sic
859 1004 1241 1080 timuimuS,
1292 1013 1386 1064 ut'
1417 1002 1592 1064 haec
1627 1000 2094 1084 fingeremus?
2149 1022 2372 1084 quem
2413 1003 2516 1066 sic

430 1103 853 1180 amavimuS,
923 1114 998 1164 ut
1059 1103 1232 1164 haec
1279 1099 1714 1163 fateremur?
1767 1097 1964 1163 Nosti
2023 1099 2506 1164 necessitatem

426 1200 826 1267 servitutis:
900 1213 961 1262 1.
1034 1199 1313 1282 quando
1382 1196 1611 1262 simile
1681 1195 1954 1280 aliquid
2009 1198 2372 1276 audivisti,
2447 1209 2512 1261 et
2575 1211 2578 1214 ’

430 1298 711 1384 quando
749 1295 1034 1364 dixisti?
1082 1297 1306 1360 Multa
1339 1294 1629 1378 quidem
1697 1295 2038 1382 excogitat
2078 1307 2338 1373 metus,
2389 1292 2516 1360 sed

426 1417 608 1481 quae
630 1393 1008 1480 adpareant
1028 1392 1329 1478 quaesita
1367 1393 1455 1457 ab
1487 1391 1751 1455 invitis:
1803 1393 1998 1458 aliud
2020 1394 2518 1459 sollicitudinis

425 1494 624 1559 aliud
696 1493 1085 1560 securitatis
1135 1491 1501 1579 ingenium
1570 1502 1705 1554 est.
1755 1490 1888 1555 alia
1926 1492 2224 1557 tristium
2278 1493 2522 1557 inven-

334 1644 341 1652 .
426 1591 530 1656 tio
587 1609 651 1656 2.
678 1633 697 1666 ,
749 1591 883 1656 alia
918 1591 1413 1678 gaudentium,
1471 1602 1802 1652 neutrum
1863 1590 2343 1655 simulationes
2399 1612 2510 1655 ex-

423 1685 831 1774 presserint.
931 1687 1210 1762 Habent
1244 1709 1377 1752 sua
1417 1685 1622 1750 verba
1658 1685 1932 1765 miseri,
1984 1685 2104 1754 sua
2164 1689 2368 1755 verba
2407 1689 2512 1753 fe·

425 1784 643 1866 liceS,
696 1798 773 1852 ut
834 1807 1015 1870 quae
1078 1788 1217 1866 jam
1267 1787 1564 1852 maxime
1615 1783 1701 1848 ab
1778 1787 2093 1873 utrisque
2166 1788 2508 1853 dicantur.

1272 1982 1471 2068 Cap.
1540 1987 1660 2054 73.

616 2181 847 2246 Testis
917 2180 1068 2266 ipse
1130 2199 1201 2242 es
1222 2165 1269 2255 ,J
1297 2200 1477 2261 quae
1529 2177 1606 2240 in
1657 2177 1971 2242 omnium
2023 2163 2145 2268 ope
2195 2179 2501 2245 laetitiaz

422 2285 569 2373 no‘n
635 2265 927 2343 amictus
998 2277 1369 2362 cuiquam,
1440 2299 1582 2340 non
1645 2277 1957 2356 habitus,
2016 2273 2230 2373 q'uem
2293 2281 2510 2369 modo

424 2377 765 2442 extulerat
821 2396 887 2449 1.
928 2401 946 2436 ε
998 2375 1165 2439 inde
1224 2374 1628 2440 resultantia
1689 2375 1975 2440 vocibus
2025 2376 2244 2454 tec-ta,
2295 2377 2510 2441 nihil-

422 2495 565 2560 que
599 2477 803 2540 tantis
840 2473 1263 2540 clamoribus
1296 2474 1456 2536 satis
1489 2473 1824 2537 clausum.
1915 2473 2084 2551 Quis
2134 2486 2304 2566 tunc
2359 2497 2508 2539 non

422 2595 461 2636 e
512 2572 803 2660 vestigio
843 2596 969 2639 suo
1022 2571 1351 2638 exsiluit?
1402 2571 1558 2660 quis
1612 2567 1969 2638 exsiluisse
2008 2575 2269 2653 sensit?
2323 2574 2506 2638 mul·
2585 2645 2593 2651 ‚

417 2674 505 2736 ta'
536 2672 837 2735 fecimus
892 2685 1198 2756 sponte„
1248 2670 1452 2754 plura
1519 2670 1854 2736 instinctu
1911 2671 2217 2756 quodam
2265 2687 2332 2738 et
2370 2672 2535 2734 iux-‘-

415 2769 639 2853 perio-
694 2765 871 2832 Nam
920 2768 1179 2855 gaudio
1231 2789 1526 2854 quoque
1533 2757 1862 2856 cogendi
1913 2771 2012 2834 vis
2062 2771 2267 2843 inest.
2313 2766 2524 2834 Num'

416 2885 587 2952 ergo
638 2869 927 2928 modum
965 2867 1033 2929 ei
1072 2880 1189 2930 tua
1241 2865 1487 2930 saltem
1523 2865 1856 2930 modestia
1911 2867 2291 2956 imposuit?
2340 2890 2504 2932 nam

416 2975 679 3050 quanto
744 2964 959 3051 magis
1011 2986 1046 3028 a
1097 2976 1167 3026 te
1216 2963 1727 3054 reprimebatur
1762 3006 1782 3040 ‚
1869 2966 2246 3033 exarsimus
2287 3011 2310 3044 ,
2358 2989 2506 3031 non
2603 2997 2614 3010 ·

417 3061 883 3146 contumacia,
947 3059 1225 3140 Caesar,
1276 3061 1401 3124 sed
1439 3074 1522 3124 ut
1552 3061 1628 3123 in
1674 3074 1788 3125 tua
1841 3077 2180 3148 potestate
2235 3078 2372 3143 est,
2411 3089 2527 3130 an·
2635 3071 2642 3076 ’

418 3161 874 3250 gaudeamus,
924 3161 1018 3225 ita
1056 3161 1130 3222 in
1182 3172 1574 3243 quantumae,
1625 3180 1760 3223 nec
1812 3161 1888 3224 in
1943 3176 2199 3226 nostra.
2297 3163 2496 3228 Com-

415 3257 730 3348 probasti
806 3271 874 3321 et
924 3259 1073 3344 ipse
1136 3258 1724 3323 adclamationum
1781 3272 2169 3324 nostrarum
2218 3262 2428 3326 fidem
2479 3307 2502 3339 ,

416 3355 881 3441 lacrymarum
931 3358 1570 3424 tuarum,veritate.
1624 3357 1946 3425 Vidimus
1999 3360 2488 3424 humescentes

372 3455 671 3524 fmulos
724 3470 919 3537 tuos,
972 3457 1492 3542 demissumque
1535 3454 1792 3548 gaudio
1834 3458 2138 3524 vultum:
2199 3471 2502 3528 tantum-e
