2867 4667
1213 392 1312 419 ,--
1425 350 1665 457 ἰιόοθ
1748 389 1843 409 --

471 525 677 621 simos
730 544 1126 622 admiserit,
1172 564 1310 609 nec
1357 543 1657 608 volueiit
1699 562 1901 611 arcus
1950 545 2319 635 ingentes,
2372 566 2514 619 tem

463 653 580 739 pla
627 662 697 712 et
748 659 995 715 statuas
1035 663 1275 708 aureas
1323 645 1430 705 -de
1482 641 1783 725 pecunia
1816 644 2121 769 publica
2135 652 2269 715 sibi
2308 656 2480 718 strui
2522 700 2549 717 .

463 751 729 815 aerario
763 764 1050 832 quoque
1100 742 1476 813 consuluit.

654 857 728 918 3.
779 848 1279 909 Brutorum
1317 884 1337 919 ,
1401 863 1574 925 qua
1604 840 2261 909 Camillorum.
2356 848 2537 911 Bru.

461 964 612 1015 tum
663 946 869 1023 illum
937 939 1267 1017 sunium,
1347 942 1468 1022 qui
1521 959 1719 1027 reges
1772 937 2078 1022 expulit3
2136 956 2208 1006 et
2252 945 2547 1008 Furium

456 1040 881 1119 Camillum,
937 1037 1062 1124 qui
1098 1038 1434 1102 urbem-a
1492 1038 1713 1103 Gallis
1762 1039 2108 1103 obsessam
2157 1042 2481 1104 liberavit
2524 1087 2548 1121 ,

466 1144 584 1209 hic
628 1139 932 1223 respicit.
1033 1138 1110 1199 ln
1153 1136 1376 1203 forma
1413 1137 1673 1219 plurali
1706 1158 1790 1200 ex
1838 1138 2209 1203 schemate·
2248 1139 2543 1205 oratori·
2612 1174 2619 1177 ·

465 1245 598 1307 bus
647 1249 978 1323 usurpato
1015 1234 1120 1300 ‘ad
1169 1254 1314 1299 rem
1367 1234 1929 1319 amplificandam
1973 1236 2313 1320 loquitur,

675 1350 738 1416 4.
789 1336 1094 1401 sedem
1156 1329 1616 1415 Principis
1670 1370 1761 1383 --
1818 1324 2109 1419 locus.
2210 1334 2547 1420 Princeps

475 1458 574 1509 est
620 1438 1020 1503 moderator
1053 1429 1305 1494 civium
1335 1474 1356 1507 ,
1415 1430 1753 1495 Dominus
1791 1452 2171 1495 servorum.

673 1542 736 1607 5.
793 1532 1180 1599 invitum
1231 1551 1300 1591 m
1325 1541 1534 1593 anet
1574 1531 1938 1594 nolentem
1978 1532 2329 1595 volentem
2348 1530 2555 1595 Prin·

478 1643 725 1724 cipem
785 1646 1038 1708 manet.
2162 1642 2169 1649 '

673 1728 1803 1819 cap;56.1.oujusquam‚
1879 1726 1995 1789 alii
2072 1726 2553 1810 cujusque.

673 1852 737 1897 α
793 1827 1048 1906 Quod
1102 1826 1592 1890 secundum
1644 1823 2232 1889 Consulatum
2282 1826 2556 1908 recepi·

477 1934 588 2001 sti.
691 1928 996 1991 Primum
1072 1924 1525 1995 Consulatum
1596 1924 1805 2009 gessit
1866 1944 2052 1992 anno
2108 1922 2369 1987 Christi
2430 1940 2552 2005 91.

485 2052 643 2097 cum
683 2024 917 2091 Acilio
961 2020 1386 2087 Glabrione:
1456 2025 1848 2085 secundum
1898 2040 2057 2087 cum
2093 2016 2313 2085 Nerva
2365 2028 2555 2089 Anu.

485 2130 648 2201 Chr.
705 2130 818 2207 98.

677 2231 743 2292 3.
800 2236 980 2297 tum
1030 2216 1306 2279 etiam
1365 2216 1503 2279 tui
1566 2228 2005 2300 potestas,
2076 2230 2208 2281 etc.
2231 2260 2248 2293 ,
2312 2238 2556 2301 quum,

489 2331 628 2409 jam
677 2337 992 2395 mortuo,
1055 2315 1320 2381 nullius
1368 2304 1708 2380 voluntati
1762 2317 2101 2380 obnoxius
2155 2329 2320 2379 erat.
2518 2383 2531 2393 ,

687 2432 751 2499 4.
821 2421 1233 2503 Magnum
1301 2427 1477 2507 est⁹
1553 2413 1969 2479 differre
2041 2418 2491 2479 honorem
2520 2460 2559 2494 ,

495 2521 735 2615 glori
764 2538 886 2580 am
957 2514 1283 2609 majus,
1365 2533 1654 2599 magnae
1732 2502 1955 2585 laudis
1998 2559 2017 2589 ,
2096 2514 2194 2577 sio
2260 2515 2559 2597 explicat

491 2619 846 2707 Bebrius',
884 2627 1022 2689 est,
1061 2613 1248 2693 quod
1284 2610 1533 2673 honori
1578 2611 1765 2675 tertii
1802 2611 2247 2688 Consulatus,
2286 2634 2427 2675 non
2466 2613 2565 2677 ita

494 2716 814 2790 inhiasti,
872 2722 974 2775 ut
1010 2731 1168 2775 eum
1230 2708 1497 2772 differri
1546 2710 1879 2774 nolueris.
1980 2711 2269 2788 Maioris
2318 2710 2563 2791 istud,

499 2817 693 2902 quod
755 2829 970 2896 quum
1023 2808 1229 2871 tertio
1283 2807 1659 2873 Consulatu
1710 2802 1997 2896 gloriam
2052 2830 2369 2895 magnam
2434 2808 2569 2873 tibi

507 2926 698 2979 certo
754 2918 1270 2992 comparaturus
1329 2926 1563 2983 essen
1610 2921 1877 2983 tamen,
1928 2904 2092 2986 quia
2142 2907 2503 2970 credidisti
2542 2952 2566 2986 ,

399 3016 406 3023 ’
475 3026 578 3077 et
616 3008 867 3089 alioS,
885 3015 1159 3089 praeter
1199 3012 1266 3064 te
1315 3002 1573 3079 bonoS,
1642 3015 1707 3065 et
1760 3001 1965 3064 rebus
2002 3006 2325 3117 gerendis
2375 3020 2573 3090 aptos

509 3126 697 3185 esffse
747 3106 906 3167 illos
962 3119 1193 3183 passus
1247 3118 1316 3161 es
1361 3121 1398 3163 e
1450 3099 1811 3185 republica
1867 3099 2156 3187 gloriam
2206 3088 2401 3167 istam
2459 3118 2575 3167 re·-

489 3222 824 3293 portare,
875 3220 1079 3285 quam
1131 3210 1203 3259 tu
1273 3214 1531 3280 posses·

713 3312 776 3380 4.
829 3298 1270 3362 barbaras
1322 3308 1672 3381 gentes,
1704 3296 1817 3359 in'
1862 3297 2223 3362 Germania
2272 3296 2395 3361 ubi
2443 3299 2584 3361 Im-

510 3412 793 3490 perator
830 3393 1162 3461 exercitui
1214 3388 1527 3457 Romano
1576 3394 2051 3478 praefuissetw

713 3502 780 3566 6.
830 3487 1527 3580 postulantium,
1578 3494 1927 3576 postulate
1988 3506 2087 3555 est
2132 3494 2417 3558 verbum
2470 3496 2587 3560 so·-

518 3620 722 3664 rense
755 3642 774 3672 ‚
821 3607 889 3657 et
923 3606 1150 3669 notat,
1193 3610 1428 3667 suum,
1492 3591 1601 3651 xel
1644 3592 1926 3656 alterius
1976 3593 2400 3683 desiderium
2450 3616 2591 3677 pro

519 3687 902 3769 tribunali,
956 3692 1138 3775 apud
1190 3708 1382 3756 eum.
1421 3676 1543 3772 qui
1587 3702 1893 3772 praeest3
1947 3690 2045 3752 rei
2083 3690 2369 3767 forensi,
2402 3692 2582 3756 alle-

522 3814 725 3883 gare,
761 3803 830 3853 et
881 3796 1263 3902 exponere,
1300 3788 1465 3847 inde
1516 3786 2213 3869 postulantibus
2250 3810 2585 3854 vacare

517 3890 938 3954 dicebantur
968 3933 985 3962 ,
1058 3888 1180 3969 qui
1231 3884 1638 3967 expedirent
1700 3886 2283 3970 supplicantium,
2334 3900 2399 3949 et
2470 3890 2583 3966 jus

513 3989 901 4077 petentium
947 3985 1311 4048 desideria.

725 4108 784 4168 7.
857 4084 1220 4145 habitus
1292 4102 1382 4145 ac
1450 4068 1875 4145 dissonae
1946 4102 2209 4146 voces
2240 4129 2261 4165 ,
2274 4084 2589 4153 diversi

523 4187 982 4263 Barbatorum
1025 4179 1304 4245 vestitus
1320 4221 1341 4257 ,
1403 4179 1861 4263 diversaeque
1895 4180 2206 4269 ling-uae

1363 4302 1378 4309 -
2248 4272 2277 4301 N
