2867 4667
1218 247 1323 340 ‘s-
1481 299 1618 374 190
1769 317 1868 338 -

484 475 671 542 tabat
707 485 940 539 tamen
978 471 1277 562 misera,
1306 467 1432 536 sed
1471 491 1627 538 vera
1669 468 2039 556 reputatio.
2093 475 2156 540 V
2159 470 2310 539 ides
2353 448 2574 540 enim!

484 573 543 640 si
595 573 768 656 quid
804 572 985 636 bene
1028 570 1314 650 fecero,
1364 568 1630 636 scietne
1671 569 1959 650 Caesar,
2013 585 2172 651 aut,
2213 571 2267 636 si
2301 574 2597 656 scierit„
2633 578 2648 587 ‘

430 745 447 758 „
477 671 955 740 testimonium
1004 670 1311 734 reddet?
1360 675 1428 738 3.
1483 669 1583 734 ita
1641 668 1887 734 eadem
1935 667 2106 748 illa,
2169 691 2290 735 seu
2333 673 2568 761 negli-

479 772 714 862 gentia
745 814 763 847 ‚
816 790 938 834 seu
990 768 1383 856 malignitas
1414 766 1822 850 Principum
1848 812 1870 846 ,
1906 790 2128 852 quum
2175 771 2358 834 male
2385 793 2572 858 ‘con-

434 867 679 962 ,sultis
728 867 1215 952 impunitatem
1248 911 1267 945 ,
1320 864 1713 932 rectefactis
1807 864 2088 931 nullum
2164 868 2568 952 praeniium

474 966 969 1052 polliceretur:
1018 986 1153 1031 nec
1199 958 1361 1030 illo‘s
1400 987 1440 1028 a
1493 961 1825 1040 crimine,
1877 976 1947 1028 et
1995 966 2119 1030 hos
2154 965 2558 1031 deterrebat

480 1087 517 1130 a
571 1063 806 1129 laude.
910 1065 1003 1129 At
1061 1085 1255 1138 nunc
1284 1064 1345 1127 si
1384 1061 1567 1127 bene
1589 1062 1842 1146 aliquis
1876 1063 2309 1160 provinciam
2355 1087 2551 1129 rexe-

474 1160 568 1227 rit
618 1207 640 1240 ,
690 1163 859 1240 huic
911 1161 1223 1247 quaesita
1294 1161 1548 1226 virtute
1601 1161 1898 1249 dignitas
1955 1162 2264 1226 offertur.
2366 1160 2563 1228 Patet
2647 1157 2659 1163 ’

409 1324 417 1330 .
478 1261 671 1326 enim
736 1259 1061 1326 omnibus
1124 1260 1407 1324 honoris
1461 1273 1526 1324 et
1595 1260 1860 1348 gloriae
1915 1279 2242 1345 campus.
2293 1282 2375 1326 ex
2423 1263 2560 1324 hoe

476 1358 815 1444 quisque,
874 1359 1065 1442 quod
1100 1358 1332 1444 cupit,
1384 1371 1610 1440 petat,
1660 1372 1729 1423 et
1771 1357 2136 1424 adsecutus
2177 1358 2316 1423 sibi·
2350 1359 2563 1422 debe·-
2628 1400 2636 1408 -

474 1453 542 1523 at
613 1467 679 1538 ⁴.
729 1456 1111 1522 Provinciis
1169 1477 1456 1541 quoque
1507 1457 1588 1520 in
1656 1469 2016 1541 posterum
2051 1448 2079 1534 ’,
2151 1470 2222 1518 et
2266 1456 2560 1538 injuria.

426 1636 431 1642 ,
473 1578 636 1620 rum
683 1569 953 1619 metum
1006 1569 1075 1620 et
1140 1553 1525 1620 adcusandi
1580 1553 2065 1620 necessitatem
2126 1553 2452 1636 remisisti
2491 1556 2558 1624 5.

472 1651 654 1719 Nam
702 1653 761 1717 si
822 1656 889 1720 6.
956 1649 1356 1737 profuerint
1388 1702 1415 1743 9
1485 1651 1743 1744 quibus
1795 1653 2044 1742 gratias
2103 1654 2413 1741 egerint,
2468 1656 2560 1718 de

389 1809 397 1815 .
472 1750 681 1818 nullo
730 1750 933 1837 queri
982 1762 1364 1838 cogenturz
1414 1763 1485 1816 et
1521 1751 1789 1834 alioqui
1841 1751 2070 1836 liquet
2121 1753 2304 1815 nihil
2340 1750 2558 1840 tnagis

470 1848 811 1939 prodesse
852 1845 1222 1914 candidato
1260 1848 1346 1912 ad
1383 1861 1754 1933 sequentes
1779 1850 2124 1925 honores»,
2151 1871 2358 1936 quam
2395 1871 2555 1934 per·

474 1963 705 2014 actos..
776 1967 835 2029 7.
894 1937 1195 2031 Optime
1243 1946 1681 2036 magistratus
1755 1948 2156 2035 magistratu
2199 1994 2226 2028 ,
2291 1951 2566 2014 honore

456 2047 704 2114 ‘honor
762 2045 1045 2131 petitur.
1146 2044 1328 2112 Volo
1383 2061 1561 2134 ego,
1603 2046 1725 2132 qui
1777 2047 2206 2130 provinciam
2248 2047 2504 2111 rexerit
2544 2093 2569 2128 ,

414 2220 419 2224 ,
470 2168 623 2212 non
680 2157 954 2210 tantum
1015 2142 1384 2208 codicillos
1457 2153 1523 2218 8.
1599 2144 2023 2224 amicorum,
2095 2144 2228 2209 nec'
2294 2139 2564 2233 urbana

396 2245 416 2252 ’
472 2243 961 2322 coniuratione
1001 2241 1427 2339 eblanditas
1451 2263 1734 2328 preceS,
1786 2242 1910 2307 sed
1963 2243 2243 2308 decreta
2291 2228 2561 2340 coloni·

358 2373 371 2388 ·
480 2363 722 2416 arum,
776 2344 1055 2406 decreta
1102 2339 1456 2405 civitatum
1498 2342 1779 2432 alleget.
1827 2336 1971 2407 Nae
2017 2341 2359 2456 suffragiis
2401 2335 2564 2407 con

448 2440 819 2510 --sularium
879 2431 1185 2504 virorum
1242 2435 1452 2506 urbes
1489 2490 1518 2530 ‚
1586 2439 1882 2539 populi,
1951 2453 2194 2530 gentes
2227 2441 2566 2513 inserun-

480 2554 614 2606 tur.
718 2538 1297 2604 Efficacissirnum
1361 2561 1490 2626 pro
1559 2535 1934 2608 candidato
2004 2561 2224 2630 genus
2278 2546 2377 2604 est
2449 2563 2563 2606 ro·

470 2627 692 2732 'gandi
720 2683 742 2720 ,
789 2638 1034 2726 gratias
1086 2656 1314 2755 agere.
