2867 4667
1224 273 1344 352 ⁵-
1489 223 1632 314 ἰεῦ
1778 273 1878 294 -

520 425 653 492 mis
696 423 842 490 istis
889 423 1171 490 auribus
1222 427 1438 514 'parci
1495 425 1610 503 5.,
1673 437 1744 491 et
1813 425 2084 513 alioqui
2170 445 2395 512 quum
2451 423 2623 490 sint

524 524 769 588 odium
818 545 1152 608 amorque
1211 523 1596 602 contraria,
1645 525 1779 589 hoc
1813 543 2155 610 perquam
2185 521 2418 589 simile
2473 523 2620 590 ha‘·

520 622 731 701 beot,
782 623 977 707 quod
1022 622 1126 686 ibi
1159 622 1738 709 intemperantius
1785 643 2092 689 amamus
2137 625 2360 690 bonos
2394 619 2620 690 Ptin-

526 721 771 812 cipes,
818 721 946 785 ubi
994 719 1291 786 liberius
1326 722 1550 788 malon
1597 719 1895 786 odimus·
2431 747 2436 754 ’

1382 916 1488 984 Ca
1512 939 1584 1001 p,
1638 915 1758 1004 69.

618 1142 626 1152 ·
722 1115 988 1202 Cepisti
1030 1127 1269 1182 tamen
1302 1129 1381 1182 et
1425 1116 2104 1197 adfectuanostri‚et
2133 1116 2390 1200 iudicii
2407 1139 2620 1208 expe-

468 1221 483 1236 *
518 1217 941 1296 rimentum,
997 1228 1334 1298 quantum
1383 1218 1764 1282 maximum
1797 1238 2126 1301 praesens
2163 1235 2416 1302 capere
2453 1233 2616 1304 pot·

526 1314 731 1391 uisti,
781 1313 912 1378 illo
964 1312 1117 1394 die,
1170 1335 1313 1398 quo
1364 1313 1834 1381 sollicitudini
1876 1316 2276 1400 pudorique
2370 1317 2618 1381 candi·

526 1412 849 1478 datorum
900 1413 992 1476 ita
1028 1413 1488 1491 consuluisti,
1536 1433 1629 1478 ne
1679 1412 1898 1478 ullius
1949 1412 2286 1504 gaudium
2319 1415 2611 1480 alterius

520 1511 801 1577 tristitia
852 1510 1185 1576 turbaret.
1282 1510 1433 1577 Alii
1501 1531 1662 1574 curn
1702 1511 2004 1589 laetitia,
2055 1512 2177 1580 alii
2249 1526 2410 1576 cum
2485 1531 2609 1598 spe

520 1621 1000 1675 recesserunt:
1050 1607 1293 1676 multis
1350 1609 1882 1698 gratulandum,
1963 1629 2175 1676 nemo
2237 1611 2610 1676 consolan-

407 1725 415 1736 ‘
525 1707 659 1771 dus
711 1707 868 1772 fuit.
916 1742 921 1750 -
968 1703 1132 1794 Nee
1165 1707 1332 1772 ideo
1392 1707 1675 1796 segnius
1721 1711 2012 1788 iuvenes
2061 1720 2329 1774 nostros
2367 1709 2613 1772 exhor·

523 1818 705 1870 tatus
738 1825 809 1869 es
830 1847 850 1880 ‚
900 1816 1218 1870 senatum
1274 1819 1338 1870 1.
1388 1806 1889 1896 cireumirent‚
1937 1805 2210 1873 senatui
2263 1807 2616 1890 supplica·

523 1919 725 1980 rent,
754 1897 989 1985 'atque
1030 1903 1124 1968 ita
1156 1925 1195 1970 a
1252 1901 1588 1990 Principe
1653 1915 2018 1990 sperarent
2083 1905 2428 1980 honores,
2479 1905 2542 1970 si
2577 1927 2616 1970 a

527 2014 772 2066 senatu
808 2000 1171 2096 petissent.
1270 2001 1429 2081 Quo
1503 2001 1801 2087 quidem
1845 2001 1925 2064 in
1978 2001 2178 2072 loco,
2217 2002 2288 2066 ‚si
2351 1999 2616 2086 quibus

495 2119 703 2195 ·opus
740 2101 1102 2184 exemplo,
1170 2098 1528 2180 adiecisti,
1589 2112 1672 2165 ut
1762 2113 1834 2164 te
1915 2096 2382 2176 imitarentur.
2480 2101 2616 2168 Δε-

529 2188 775 2274 duum,
827 2191 1097 2275 caesar,
1150 2199 1576 2283 exemplum,
1627 2216 1696 2264 et
1745 2195 1938 2282 quod
1970 2194 2226 2260 imitari
2277 2215 2424 2262 non
2472 2219 2618 2264 ma·

526 2295 632 2385 gis
684 2293 987 2378 quisque
1029 2303 1095 2358 2.
1148 2295 1680 2360 candidatorum
1735 2315 1949 2380 quam
2015 2289 2427 2378 Principum
2457 2314 2614 2378 pos·

528 2395 640 2458 sit.
747 2392 918 2470 Quis
972 2391 1160 2456 enim
1194 2393 1308 2458 vel
1356 2417 1502 2461 uuo
1559 2389 1678 2456 die
1741 2392 2177 2458 reverentior
2222 2403 2501 2482 senatus
2544 2407 2607 2470 3.

526 2490 943 2556 candidatus
988 2505 1243 2574 quam
1236 2505 1335 2554 tu
1400 2511 1640 2575 quum
1673 2490 1866 2554 omni
1897 2489 2057 2566 vita,
2111 2503 2261 2554 turn
2293 2489 2614 2576 meipso

528 2601 887 2674 tempore,
942 2609 1087 2670 quo
1120 2588 1393 2668 judicas
1445 2581 1536 2653 de
1589 2587 2034 2654 candidatis?
2099 2589 2216 2652 An
2245 2585 2444 2652 aliud
2486 2601 2610 2652 ate

530 2707 745 2770 quam
789 2695 1064 2750 senatus
1134 2685 1566 2764 reverentia,
1658 2683 2003 2762 obtinuit,
2088 2698 2218 2748 ut
2243 2683 2638 2763 juvenibus-

532 2782 995 2848 clarissimae
1030 2784 1301 2870 gentis,
1352 2782 1674 2850 debitum
1731 2782 2020 2873 generi
2053 2783 2436 2860 honorem,
2489 2783 2614 2848 sed

532 2891 697 2944 ante
728 2901 936 2964 quam
974 2878 1377 2960 deberetur,
1428 2881 1770 2948 offerres?
1803 2878 2141 2947 Tandem
2193 2901 2359 2967 ergo
2411 2879 2610 2944 nobi-

529 2976 687 3042 litas
748 2999 896 3042 non
958 2975 1369 3042 obscuratur
1412 3024 1436 3058 ,
1501 2979 1626 3044 sed
1667 2977 2092 3054 illustratur
2144 2999 2180 3042 a
2253 2976 2613 3062 Principe·

519 3069 820 3142 tandem
857 3075 1019 3144 illos
1070 3075 1467 3170 ingentium
1501 3073 1822 3142 virorum
1879 3089 2169 3163 nepotes
2193 3119 2215 3154 ,
2266 3076 2429 3142 illos
2494 3098 2609 3160 po·
