2867 4667
1139 212 1480 337 --26
1628 304 1727 323 ...-

392 454 878 539 nationemque
949 453 1394 533 submittam,
1462 476 1597 523 nec
1666 456 1897 522 minus
1968 458 2467 537 considerabo,

319 588 324 593 ·
393 556 569 641 quid
603 575 802 631 aures
847 555 1000 632 ejus
1039 556 1190 639 pati
1243 552 1563 641 possint,
1620 577 1830 637 quam
1890 558 2065 669 qum
2106 558 2473 627 virtutibus

393 652 757 727 debeatur.
856 652 1110 741 Magna
1151 665 1219 718 et
1257 654 1580 717 inusitata
1642 655 1985 753 principis
2040 657 2302 743 gloria,
2354 654 2472 743 eui
2563 675 2569 682 ·

395 752 639 839 gtatias
678 764 954 816 acturus
1009 775 1154 817 non
1197 765 1338 817 tam
1379 772 1664 833 vereor,
1717 775 1807 817 ne
1861 776 1971 820 me
2024 754 2095 821 iu
2144 755 2475 821 laudibus

393 852 534 915 suis
567 873 902 937 parcum,
973 873 1180 935 quam
1246 872 1338 914 ne
1415 850 1715 916 nimium
1782 864 2003 937 putet.
2106 853 2294 917 Haec
2362 873 2485 915 me,

329 956 342 977 ⁸
398 971 602 1030 cura,
653 951 860 1013 haee
911 948 1294 1014 difficultas
1365 950 1511 1013 sola
1582 950 2002 1015 circumstat.
2104 948 2279 1016 Nam
2332 972 2478 1013 me·

395 1051 581 1113 renti
637 1048 885 1141 gratias
952 1068 1160 1137 agere
1235 1045 1452 1111 facile
1530 1062 1658 1123 est,
1749 1046 1980 1113 Patres
2062 1048 2478 1133 Conscripti.

394 1132 557 1211 Non
603 1146 795 1209 enim
829 1147 1231 1229 perieulum
1293 1157 1431 1224 est,
1485 1166 1575 1209 ne
1638 1166 1855 1227 quum
1906 1146 2159 1232 loquar
2213 1150 2301 1211 de
2350 1150 2479 1209 Lu-

400 1244 752 1322 mannate,
805 1244 1171 1327 exprobari
1205 1242 1339 1305 sihi
1373 1243 1777 1327 superbiam
1812 1248 2087 1311 credat·
2070 1274 2090 1327 3
2144 1254 2362 1333 quum
2392 1246 2481 1307 de

397 1344 844 1431 frugalitate,-
892 1342 1280 1420 luxuriam3
1335 1364 1557 1427 quum
1608 1342 1695 1405 de
1763 1342 2175 1421 elementia,
2232 1344 2485 1408 erude-

396 1444 703 1519 litatem3
757 1462 979 1524 quum
1009 1440 1102 1507 de
1152 1438 1614 1519 liberalitate,
1666 1440 2057 1519 avaritiam3
2128 1462 2343 1525 quum
2385 1442 2482 1501 de

401 1540 876 1627 benignitate,
928 1530 1299 1619 livorem3
1314 1562 1538 1623 quum
1578 1539 1667 1601 de
1720 1538 2192 1615 continentia,
2230 1535 2484 1601 libidi-

404 1656 616 1729 13em3
667 1657 888 1723 quum
941 1640 1032 1703 de
1085 1637 1394 1717 labore,
1447 1636 1811 1716 inertiam3
1868 1660 2085 1721 quum
2136 1639 2225 1699 de
2288 1636 2485 1705 sorii-

403 1732 692 1815 tudine,
743 1726 1090 1800 timorem.
1130 1740 1292 1804 Ae
1336 1758 1428 1799 ne
1481 1720 1681 1800 illud
1712 1736 2007 1821 quidem
2054 1755 2342 1813 vereor,
2394 1754 2485 1796 ne

401 1850 634 1927 gratus
668 1834 1066 1924 ingratusve
1109 1836 1385 1913 videar,
1436 1848 1646 1921 prout
1694 1836 1853 1901 satis
1908 1847 2025 1899 aut
2071 1854 2317 1919 parum
2380 1832 2484 1893 di·
2538 1908 2545 1919 Ι

403 1956 590 1999 xero.
689 1927 1222 1998 Animadverte
1243 1932 1432 1996 enim
1506 1933 1713 1998 etiam
1774 1933 1954 1997 deos
2029 1933 2254 2017 ipsos,
2342 1952 2487 1993 non

402 2053 544 2101 tam
581 2031 924 2097 admiratis
963 2029 1404 2097 adorantium
1468 2032 1837 2121 Ρτεοίὶωε,
1890 2054 2099 2119 quam
2151 2030 2489 2095 innoeen-

358 2132 500 2197 tia
555 2144 623 2193 et
691 2130 1094 2195 sanctitate
1137 2132 1419 2209 laetari,
1495 2130 2013 2221 gratioremque
2070 2126 2483 2203 existimari,

407 2230 532 2315 qui
563 2228 879 2293 delubris
931 2250 1175 2292 eoium
1212 2250 1458 2313 puram
1496 2244 1893 2313 castamque
1928 2240 2257 2307 mentem,
2282 2248 2489 2341 quarn

395 2329 533 2449 ᾘυί
565 2326 976 2428 meditatum
1029 2350 1311 2397 carmen
1348 2328 1729 2392 intulerim·-

1277 2530 1475 2616 Cap.
1549 2538 1613 2609 4.

604 2745 739 2811 Sed
788 2744 1180 2827 parendum
1234 2760 1333 2809 est
1383 2746 1671 2809 Senatus
1730 2744 2049 2809 consulto
2072 2788 2089 2819 ,
2146 2746 2368 2830 quod
2410 2768 2489 2810 ex

410 2840 712 2907 utilitate
760 2839 1047 2925 publiea
1095 2843 1405 2925 placuit,
1457 2856 1535 2907 ut
1590 2842 1911 2907 Consulis
1976 2864 2187 2927 voce,
2241 2844 2367 2908 sub
2410 2846 2493 2907 ti·

407 2940 588 3005 tulo.
628 2943 1016 3029 quatiarum
1107 2919 1577 3026 agendarum
1558 2984 1577 3017 ,
1664 2941 1709 3003 b
1728 2961 1769 3003 o
1791 2965 1837 3005 n
1856 2943 1881 3003 i
1952 2941 2095 3005 Ρι·
2076 2963 2100 3003 ι
2126 2963 2175 3002 n
2198 2964 2234 3006 e
2259 2944 2344 3024 ip
2368 2963 2405 3004 e
2428 2965 2454 3005 s
2479 2988 2497 3019 ,

415 3054 722 3127 quae
759 3039 1288 3115 facerent,
1321 3060 1739 3126 recogno
1769 3055 2180 3131 seen-ent,
2278 3042 2498 3105 mali

417 3160 646 3225 quae
688 3138 1010 3203 facere
1064 3136 1535 3202 deberent
1575 3158 1640 3207 1
1742 3138 1820 3203 ld
1868 3160 2059 3205 nuuc
2119 3161 2229 3207 eo
2280 3140 2496 3226 magis

417 3238 756 3303 solenne
762 3255 870 3299 ae
937 3240 1430 3327 necessarium
1494 3252 1629 3325 est,
1688 3240 1881 3323 quod
1929 3260 2231 3327 parens
2268 3252 2531 3347 noster.

416 3337 748 3428 privatas
765 3336 1140 3457 gratiarum
1207 3338 1519 3402 actiones
1572 3286 1863 3404 cohibet
1924 3353 1995 3403 et
2066 3324 2531 3425 comprimit:
