2867 4667
1200 340 1298 361 ..-
1448 308 1609 385 254⁸
1730 338 1835 359 ...-

653 511 717 561 2·
769 510 944 555 non
997 493 1266 577 quasi
1345 492 1839 577 contingat
1872 536 1895 573 ,
1947 514 2085 563 non
2152 496 2354 581 quasi
2398 489 2521 564 ali·

455 612 559 677 qu
584 590 668 653 id
719 588 1146 677 benignitate
1187 593 1485 657 Deorum
1524 591 1851 655 oblatum.

647 702 709 764 3.
767 711 935 753 nou
1003 703 1095 754 ut
1166 691 1601 777 imputes,
1656 704 1731 753 ut
1798 688 2057 758 honori
2106 689 2233 757 tibi
2267 690 2347 754 id
2394 688 2523 755 tri·

353 798 358 803 “
451 787 646 875 buas.

643 890 710 960 4.
760 880 996 949 ill'ac
1045 907 1140 951 sc.
1207 889 1424 976 leges.
1892 944 1897 948 .

644 980 808 1069 Cap.
859 982 974 1053 '25.
1044 999 1104 1048 1.
1157 984 1368 1051 fere
1420 983 1863 1069 sequitur
1894 1018 1990 1034 —
2040 1002 2238 1049 esse
2279 981 2518 1048 vide·

448 1090 756 1159 antur,
795 1081 863 1147 si
912 1084 1000 1146 de
1056 1083 1270 1149 rebus
1319 1084 1588 1171 magnis
1643 1097 1877 1157 taceS,
1931 1084 2283 1165 sequitur,
2326 1093 2403 1143 ut
2434 1082 2523 1143 il·

444 1178 556 1243 lae
601 1179 966 1245 videantur
1018 1194 1158 1250 tam
1205 1204 1498 1273 magnae
1538 1201 1723 1289 esse,
1774 1180 1864 1243 de
1900 1179 2157 1265 quibus
2187 1193 2345 1265 apte
2380 1177 2526 1243 dici.

379 1358 385 1366 .
441 1298 587 1341 non
636 1280 872 1361 possit.

642 1386 710 1436 2.
763 1378 1344 1467 congiarium
1397 1361 1650 1442 munus
1704 1374 2209 1464 quodcumque
2258 1373 2524 1457 princi·
2602 1428 2609 1439 .

441 1492 613 1559 pum
645 1474 950 1553 virorum
1003 1476 1298 1565 singulis
1335 1479 1573 1543 datum
1620 1477 1913 1542 civibus.

641 1585 708 1645 3.
751 1574 976 1639 dona
999 1577 1120 1639 riv
1143 1598 1185 1639 u
1207 1598 1276 1639 m
1309 1598 1564 1640 munus
1602 1575 1687 1641 ab
1724 1577 2147 1655 imperatore
2180 1568 2545 1633 militibus.

441 1668 701 1733 datum.
803 1672 902 1735 De
945 1660 1089 1737 toto
1139 1674 1298 1737 loco
1349 1675 1713 1739 observes:
1746 1673 2125 1749 Traianum
2178 1682 2316 1731 tam
2354 1689 2517 1733 con·

445 1766 718 1855 giarutn
770 1790 980 1853 quam
1053 1772 1457 1837 donativum
1508 1774 2009 1857 spopondisse-3
2082 1790 2297 1852 quum
2350 1788 2513 1831 vero

439 1866 784 1929 aerarium
838 1864 1242 1935 exhaustum
1289 1870 1677 1950 invenerit,
1732 1884 1807 1933 ut
1863 1866 2148 1951 utrique
2184 1864 2358 1951 parti
2408 1886 2511 1929 sa-

355 2045 361 2055 ·
437 1961 830 2043 tisfaceret,
881 1969 1225 2034 militibus
1287 1969 1633 2055 primum,
1680 1968 1801 2033 sed
1837 1978 2103 2031 tantum
2146 1963 2523 2033 dimidium

437 2061 746 2125 donativi
776 2106 822 2141 ,
864 2065 1131 2131 civibus
1193 2081 1431 2154 postea
1500 2065 1933 2155 congiarium
1962 2108 1983 2142 ,
2062 2064 2188 2131 sed
2236 2073 2454 2129 totum
2488 2104 2512 2139 ,

385 2208 394 2224 .
437 2158 892 2227 distribuisse.
1369 2226 1374 2238 ,

633 2272 699 2337 4.
753 2277 1521 2347 repraesentare,
1574 2260 1996 2333 satisfacere.

635 2367 701 2437 4.
755 2360 1063 2443 priore
1087 2385 1116 2427 s
1188 2360 1308 2427 alii
1371 2354 1699 2444 p‘riorem.

629 2457 795 2541 Cap.
853 2460 965 2525 26.
1025 2477 1085 2525 1.
1129 2460 1434 2523 indici
1484 2458 1607 2523 alii
1660 2458 1985 2523 incidi.

632 2568 698 2619 2.
755 2556 1272 2622 educandi-s
1318 2558 1438 2621 alii
1493 2558 1983 2623 educandi.

627 2661 694 2724 3.
748 2657 1074 2719 omittunt
1110 2655 1396 2741 quidem
1450 2667 1528 2724 τὸ
1572 2672 2032 2737 procereS.

627 2753 792 2839 Cap.
850 2765 965 2826 28.
1028 2770 1084 2818 t.
1152 2755 1555 2840 quando
1545 2774 1762 2836 rue,
1816 2753 2221 2837 aliquando.

626 2872 691 2919 2.
743 2851 1114 2935 Perper-am
1153 2854 1448 2943 legitur·
1502 2851 1729 2923 Deus
1779 2852 1950 2913 tibi
2004 2845 2331 2915 Caesar
2367 2862 2500 2928 etc.
2585 2854 2589 2859 ’

621 2950 792 3035 Cap.
849 2967 962 3034 29.
1041 2973 1099 3019 1.
1157 2952 1393 3014 Emit
1452 2950 1784 3025 fiscus,
1856 2950 2331 3033 quidquid
2396 2947 2511 3013 vi·

434 3048 703 3117 detur
770 3068 808 3111 e
831 3070 957 3112 me
982 3072 1014 3111 r
1037 3070 1119 3126 e,
1180 3072 1324 3115 non
1386 3059 1653 3115 tantum
1715 3047 2092 3131 paciscitur
2133 3092 2157 3139 ‚
2245 3049 2371 3115 sed
2434 3056 2505 3115 et

429 3165 700 3235 pactam
741 3146 942 3211 solvit
979 3148 1376 3231 pecuniam.
1520 3205 1535 3217 ,

625 3244 789 3329 Cap.
844 3253 955 3315 3ο.
1015 3261 1074 3308 t.
1131 3246 1374 3332 legunt
1426 3244 1547 3311 alii
1608 3244 1783 3335 ing.
1838 3268 1905 3331 q.
1958 3258 2007 3311 t.
2058 3269 2127 3330 q.
2180 3242 2226 3306 i.
2278 3236 2449 3307 flu.
2484 3285 2507 3321 ,

429 3340 1005 3408 fluminibus
1055 3357 1378 3408 tamen
1442 3343 1678 3409 conf.

631 3466 693 3513 1.
747 3441 976 3508 Hinc
1027 3465 1229 3525 pars
1282 3456 1597 3527 magn'a
1650 3476 1738 3495 -ν
1810 3466 1975 3509 nec
2028 3444 2229 3507 dum
2275 3436 2501 3503 satis

425 3540 898 3607 humentes
951 3554 1245 3607 terras
1289 3541 1763 3608 addiderat
1816 3541 2323 3608 arentibus.
2378 3534 2502 3601 Ti·

425 3662 636 3706 rones
686 3646 1053 3706 observent
1102 3641 1352 3717 velim,
1389 3664 1664 3707 sensum
1703 3644 1912 3705 totius
1944 3642 2225 3705 facilem
2264 3650 2329 3698 et
2361 3635 2505 3698 cla·-

426 3762 588 3803 rum
635 3785 656 3817 ‚
727 3738 939 3804 modo
977 3742 1570 3807 constructionem
1606 3742 1885 3827 periodi
1928 3741 2155 3827 primo
2207 3724 2499 3821 disposi-

427 3850 570 3902 tam
605 3837 880 3922 liquide
930 3851 1236 3905 teneant.

627 3936 792 4023 CRP.
887 3942 1016 4007 32..
1107 3939 1227 4003 alii
1306 3938 1561 4005 habent
1595 3963 1613 4000 z
1695 3962 1742 4022 p
1766 3952 2015 4021 ostqu
2040 3958 2161 4001 am
2260 3957 2358 4001 co
2382 3949 2499 4015 nt,

429 4034 726 4121 princ.
807 4048 1266 4105 terrarum
1311 4080 1331 4118 ,
1427 4038 1583 4122 qui
1651 4036 2333 4105 fecunditatem
2422 4055 2493 4105 n.

429 4132 499 4199 h.
555 4139 721 4200 e'tc.
1095 4136 1098 4139 ’
