2867 4667
1174 319 1274 346 ιιι-
1420 283 1562 358 150
1709 314 1808 350 ιιι-ι

850 603 875 638 ι
1313 573 1482 661 Cap.
1527 525 1670 646 ⁴560

607 777 998 846 Adnotasse
1064 793 1183 838 vos
1256 773 1510 852 credo,
1560 770 1795 838 Patres
1882 769 2300 861 conscripti,
2349 772 2494 850 iam
2545 801 2552 808 ·

415 871 686 940 dudum
718 896 835 938 me
861 895 1007 938 non
1051 871 1341 960 eligere,
1399 893 1580 957 quae
1628 869 1956 936 referam.
2058 865 2498 952 Propositum

416 987 517 1037 est
549 978 741 1038 enim
790 971 967 1036 mihi
1003 969 1405 1056 Principem
1446 971 1775 1049 laudare,
1825 990 1972 1032 non
2015 965 2358 1053 Principis
2388 971 2491 1034 fa·

413 1087 545 1138 ota.
644 1069 821 1135 Nam
900 1069 1285 1134 laudabilia
1374 1072 1594 1134 multa
1665 1072 1874 1134 etiam
1961 1067 2124 1131 mali
2178 1068 2494 1148 faciunt,

409 1172 560 1254 ipse
602 1168 916 1247 laudari,
966 1168 1105 1232 nisi
1138 1168 1484 1252 optimus,
1537 1192 1684 1232 non
1733 1178 1984 1254 potest.
2087 1165 2316 1244 Quare
2347 1191 2496 1232 non

408 1270 545 1336 alia
592 1272 859 1356 major,
924 1265 1305 1352 Imperator
1374 1272 1730 1357 Auguste,
1803 1265 2026 1355 gloria
2076 1280 2228 1343 tua,
2283 1289 2497 1352 quam

408 1366 605 1452 quod
639 1365 1007 1455 agentibus
1060 1363 1193 1428 tibi
1250 1365 1503 1454 gratias
1540 1368 1726 1430 nihil
1765 1361 2143 1429 velandum
2179 1381 2334 1444 est,
2385 1369 2497 1430 ni-

403 1465 512 1530 hil
560 1464 1027 1536 omittendum
1074 1479 1199 1528 est.
1304 1465 1498 1542 Quid
1545 1478 1649 1531 est
1703 1465 1896 1528 enim
1967 1462 2042 1524 in
2087 1465 2491 1549 principatu

404 1578 573 1642 tuo,
626 1565 817 1648 quod
848 1566 1267 1646 cujusquam
1342 1584 1407 1632 1.
1457 1563 1922 1648 praedicatio,
1967 1562 2082 1624 vel
2131 1564 2484 1637 transilire

408 1663 523 1724 vel
590 1661 1034 1748 praetervehi
1109 1660 1361 1726 debeat
1382 1671 1425 1726 ‘1‘-
1486 1663 1680 1747 quod
1761 1673 2236 1740 momentum,
2289 1663 2486 1748 quod

398 1759 547 1824 imo
602 1759 934 1848 temporis
1013 1772 1357 1842 punctum
1444 1773 1562 1828 aut
1617 1759 1988 1824 beneficio
2039 1761 2318 1841 sterile,
2369 1775 2528 1840 aut,

385 1879 701 1932 ‚vacuum
746 1859 1001 1926 laude?
1053 1864 1292 1923 nonne
1344 1861 1577 1924 omnia
1633 1858 2148 1940 ejusmodi,-ut
2197 1860 2255 1922 is
2306 1862 2486 1945 opti·

398 1977 516 2020 me
562 1969 633 2022 te
680 1956 998 2022 laudasse
1034 1957 1388 2035 videatur,
1447 1959 1574 2042 qui
1624 1957 2007 2022 narraverit
2041 1957 2482 2022 fidelissime?

276 2099 291 2116 .
400 2055 559 2133 Quo
598 2055 717 2134 fit,
769 2073 847 2120 ut
894 2076 1121 2141 prope
1164 2057 1242 2118 in
1281 2056 1706 2122 immensum
1763 2054 2200 2130 diffundatur
2258 2056 2480 2122 oratio

397 2145 580 2231 mea,
632 2166 702 2216 et
752 2174 889 2217 nee
938 2155 1108 2216 dum
1158 2153 1249 2218 de
1291 2155 1585 2220 biennio
1621 2156 1903 2240 loquor.
2004 2152 2228 2230 Quam
2257 2155 2480 2220 multa

400 2251 546 2316 dixi
594 2251 685 2315 de
742 2251 1269 2340 moderatione,
1322 2268 1389 2318 et
1474 2267 1737 2338 quanto
1809 2253 2016 2336 plura
2090 2253 2318 2318 adhuc
2373 2275 2484 2319 re-

394 2351 625 2418 stant?
674 2364 753 2413 ut
801 2349 1030 2427 illud,
1083 2348 1276 2434 ciuod
1323 2353 1716 2418 seeundum
1779 2352 2230 2418 .eonsulatum
2285 2373 2484 2417 reee-

284 2463 297 2514 “.
390 2449 602 2534 pisti,
653 2449 819 2532 quia
855 2447 1187 2534 Princeps
1222 2461 1292 2516 et
1336 2464 1536 2535 pater
1591 2448 1958 2515 deferebat
1995 2471 2064 2519 2.
2167 2453 2265 2514 At
2298 2464 2483 2536 post-

392 2569 605 2632 quam
637 2549 751 2614 ad·
774 2559 865 2612 te
880 2548 1165 2632 imperii
1204 2569 1589 2632 summam,
1643 2563 1712 2614 et
1762 2569 1983 2634 quum
2029 2551 2344 2615 omnium
2369 2570 2478 2612 re-

388 2668 588 2724 tum,
644 2659 821 2720 tum·
832 2647 1041 2711 etiam
1078 2645 1183 2710 tui
1234 2659 1646 2731 potestatem
1705 2649 1808 2712 dii
1861 2649 2344 2714 transtulerint
2378 2661 2440 2722 3.
2424 2691 2468 2726 .‚

388 2744 675 2807 tertium
717 2743 1161 2810 consulatum
1196 2745 1568 2834 recusasti,
1621 2769 1844 2830 quum
1881 2768 2092 2839 agere
2144 2762 2288 2812 tam
2350 2744 2475 2812 bo·

386 2862 563 2904 num
614 2842 980 2907 consulem
1044 2862 1301 2926 posses.
1400 2845 1744 2934 Magnum
1819 2858 1962 2935 est,
2014 2847 2301 2909 differre
2351 2846 2476 2908 ho-

385 2958 676 3002 norem
658 2981 678 3016 ,
718 2940 1069 3026 gloriam,
1120 2943 1339 3020 majus
1379 2952 1444 3020 4.
1547 2945 1832 3036 Gesturn
1868 2943 2309 3009 consulatum
2347 2945 2476 3008 mi·

384 3059 547 3117 rer,
600 3059 690 3102 an
756 3060 897 3101 non
950 3047 1373 3122 receptum?
1444 3048 1675 3130 gestus
1728 3063 1871 3105 non
1945 3043 2023 3105 in
2079 3046 2213 3107 hoe
2277 3043 2475 3106 urbis

385 3137 568 3218 otiu,
622 3149 690 3200 et
732 3135 979 3204 intimo
1033 3135 1190 3202 sinu
1240 3140 1474 3226 pacis,
1525 3141 1650 3208 sed
1699 3143 1886 3222 juxta
1930 3131 2254 3212 barbaras
2306 3162 2472 3231 gen·

2465 3236 2479 3265 l
