2867 4667
1203 322 1214 329 .
1304 300 1401 320 ..-
1550 268 1641 337 68
1792 308 1925 323 ...,

451 463 490 511 ’·
523 463 880 550 Equestris
933 459 1198 527 ordinis
1239 457 1493 523 decora
1557 474 1615 523 1.
1668 459 1935 521 honore
1984 460 2397 550 nominum,
2446 464 2603 530 sine

523 563 868 629 monitore
923 578 987 627 2.
1022 560 1368 647 signares:
1419 570 1713 645 gratum,
1750 557 1967 639 quod,
2008 570 2273 625 tantum
2307 584 2451 627 non
2486 567 2602 629 ul-

521 678 630 725 tro
683 660 1060 727 clientibus
1109 656 1451 735 salutatis,
1510 657 1842 739 quasdam
1876 655 2366 725 familiaritatis
2398 676 2597 726 notas

525 762 857 825 adderes:
907 758 1168 847 gratius
1195 771 1455 833 tamen,
1486 755 1681 838 quod
1729 756 1987 819 sensim
2040 768 2108 818 et
2155 760 2473 843 placide,
2526 774 2597 825 et

520 871 859 943 quantum
895 854 1438 941 respectantium
1474 852 1677 917 turba
1728 867 2122 946 pateretur,
2188 856 2595 925 incederes:

521 959 712 1041 quod
765 954 1280 1019 occursantium
1315 952 1621 1042 populus
1659 966 1729 1014 te
1782 950 2108 1036 quoque,
2159 969 2227 1018 te
2276 953 2417 1020 imo
2459 980 2600 1021 ma-

513 1058 734 1131 xime,
789 1055 1128 1117 adstaret:
1182 1052 1373 1134 quod
1439 1052 1669 1134 primo
1718 1050 1945 1114 statim
1997 1043 2119 1115 die
2164 1054 2338 1118 latus
2395 1068 2597 1118 tuum

471 1160 480 1167 '
521 1158 586 1223 3.
641 1152 964 1217 crederes
1005 1149 1355 1213 omnibus.
1403 1201 1410 1206 .
1456 1145 1707 1232 Neque
1750 1149 1941 1212 enim
1996 1148 2284 1235 stipatus
2338 1148 2601 1217 satelli-

508 1267 665 1315 tum
711 1269 925 1314 manu
953 1294 973 1329 ‚
1025 1250 1150 1313 sed
1185 1246 1653 1337 circumfusus
1692 1248 2009 1330 undique
2048 1270 2241 1314 nunc
2280 1249 2591 1335 Senatu&

465 1382 472 1389 ·
514 1371 709 1415 nunc
748 1348 1108 1433 Equestris
1151 1346 1416 1410 ordinis
1457 1346 1675 1426 flore,¹
1740 1356 1953 1431 prout
2000 1348 2409 1413 alterutrum
2453 1350 2591 1415 fre-

512 1448 840 1532 quentiae
889 1466 1108 1535 genus
1180 1444 1622 1521 invaluisset,
1688 1444 1971 1509 silentes
2040 1447 2457 1531 quietosque
2506 1450 2599 1511 li·
2672 1490 2681 1497 -

513 1562 738 1627 ctores
775 1558 932 1609 tuos
966 1543 1511 1627 subsequeharc.
1610 1540 1784 1608 Nam
1834 1543 2093 1608 milites
2146 1547 2327 1610 nihil
2366 1570 2401 1611 a
2441 1548 2595 1631 ple·

508 1630 626 1708 he*
653 1643 892 1709 habitu
920 1686 942 1721 ,
992 1640 1503 1725 tranquillitate
1524 1693 1553 1732 9
1583 1642 1927 1707 modestia
1959 1643 2398 1710 differebant.
2450 1646 2592 1710 Ubi

508 1764 672 1806 vero
715 1742 1017 1829 ,coepisti
1073 1738 1501 1823 Capitolium
1565 1741 2046 1820 adscendere,
2116 1764 2328 1825 quam
2404 1744 2584 1807 laeta

507 1840 834 1906 omnibus
885 1838 1277 1925 adoptionis
1316 1852 1477 1903 tuae
1528 1838 1974 1903 recordatio?
2030 1862 2237 1923 quam
2277 1843 2593 1925 peculia-

505 1961 584 2004 re
653 1938 988 2027 gaudium
1049 1959 1326 2016 eorum,
1401 1938 1527 2021 qui
1598 1953 1666 2001 te
1721 1938 1929 2021 primi
1990 1938 2387 2025 eodemque
2425 1940 2589 2003 loco

503 2038 961 2104 salutaverant
1012 2035 1557 2121 Imperatorem?
1610 2035 1783 2119 quin
1834 2037 2041 2099 etiam
2076 2034 2299 2099 Deum
2356 2038 2593 2120 ipsum

453 2128 458 2134 ⁵
503 2148 704 2199 tuum
758 2145 822 2214 4.
868 2135 1322 2220 praecipuam
1360 2134 1787 2219 voluptatem
1820 2135 2055 2219 operis
2090 2136 2199 2199 sui
2238 2136 2598 2219 percepis-

501 2256 578 2298 se
629 2233 1079 2300 crediderim.
1179 2236 1272 2298 Ut
1343 2233 1637 2317 quidem-
1704 2233 1958 2297 iisdem
2004 2235 2307 2321 vestigiis
2345 2235 2596 2298 institi-

499 2334 630 2409 sti,
681 2334 938 2417 quibus
991 2354 1242 2415 parens
1275 2345 1434 2397 tuus
1474 2332 1726 2420 ingens
1776 2329 1963 2394 illud
2016 2332 2320 2395 Deorum
2361 2334 2588 2415 prola-

397 2438 403 2455 *
503 2445 706 2497 turus
778 2452 1105 2513 arcanum
1179 2432 1264 2511 5,
1359 2436 1542 2514 quae
1612 2431 2213 2494 circumstantium
2282 2428 2584 2518 gaudia!

499 2552 712 2615 quam
748 2549 1000 2593 recens
1023 2529 1325 2592 clamor!
1357 2550 1563 2612 quam
1600 2527 1853 2593 similis
1888 2529 1999 2590 illi
2041 2529 2219 2609 dies,
2242 2531 2365 2613 qui
2393 2532 2585 2591 hunc

501 2628 747 2713 genuit
785 2628 972 2691 diem
1014 2625 1092 2692 6!
1153 2642 1229 2693 ut
1278 2630 1491 2713 plena
1544 2626 1903 2705 altaribus,
1954 2642 2241 2715 angusta
2291 2628 2587 2693 victimis

503 2731 793 2793 cuncta!
866 2739 940 2789 ut
971 2728 1046 2788 in
1097 2728 1308 2791 unius
1357 2727 1654 2791 salutem
1706 2726 1961 2789 collata
2022 2728 2339 2789 omnium
2372 2732 2581 2792 ‚votal
2672 2752 2681 2763 ·

504 2845 720 2907 quum
773 2822 908 2889 sibi
957 2843 1028 2888 se
1083 2848 1158 2890 ac
1227 2826 1477 2889 liberis
1514 2826 1655 2891 suis
1702 2824 2191 2910 intelligerent¹
2258 2827 2527 2910 precari
2563 2872 2593 2905 ,

502 2943 845 3007 quae-pro
881 2936 948 2984 te
992 2935 1474 3005 precarentur.
1577 2922 1747 2986 lude
1792 2935 1864 2985 tu
1902 2922 1991 2983 in·
2043 2923 2391 3007 palatium·
2428 2924 2595 3008 qui-

501 3023 699 3099 dem,
753 3021 873 3085 sed
916 3041 998 3083 eo
1037 3024 1231 3086 vultu
1259 3067 1276 3099 ,
1329 3022 1451 3084 sed
1490 3021 2147 3099 ‹ea-moderatione,
2223 3034 2299 3083 ut
2343 3022 2398 3084 si
2435 3022 2573 3105 pri·

451 3130 462 3139 “
497 3133 715 3187 vatam
754 3120 1037 3187 domum
1079 3128 1394 3207 petereS,
1452 3120 1665 3185 ceteri
1706 3106 1801 3185 ad‘
1840 3134 2125 3205 penates
2180 3140 2337 3185 suos
2396 3120 2596 3203 quis-
